3750 5767
832 705 975 754 reustum
998 664 1084 756 viat.
1476 694 1539 764 331

377 822 544 887 successio
567 826 599 886 et
620 823 768 901 tarditas,
790 844 855 907 qua
879 828 1165 909 dempta,scilicet
1185 847 1405 911 pervacuum
1436 831 1541 895 inter&

376 931 525 1006 vallum,
561 933 681 997 mobile
716 937 924 1001 instantanea
957 956 1116 1002 casurum
1142 937 1224 1004 toret
1247 939 1426 1014 celeritate,
1453 946 1542 1022 patet

377 1039 426 1102 vel
451 1042 601 1105 maxime
623 1059 665 1106 ex
688 1061 738 1116 eo,
761 1045 849 1126 quod
871 1045 906 1108 in
932 1047 1095 1128 principio
1112 1048 1243 1112 lationis
1263 1047 1351 1112 lente
1376 1055 1539 1121 movetur,

374 1150 603 1231 impetumque
625 1168 666 1215 ac
689 1151 892 1218 celeritatem
917 1155 1062 1236 acquirit
1085 1159 1268 1232 succesive,
1292 1158 1380 1237 quod
1405 1158 1540 1222 minime

371 1261 591 1343 contingeret,
613 1261 639 1326 si
664 1280 683 1324 a
707 1263 871 1346 principio
889 1264 1070 1331 intrinseco
1094 1267 1213 1330 inesset
1237 1268 1286 1331 illi
1309 1271 1483 1351 propensio
1498 1269 1539 1332 ad

372 1373 620 1435 instantaneum
645 1378 784 1437 mutum.
808 1373 892 1439 Cum
916 1375 1006 1438 enim
1026 1381 1093 1438 tam
1128 1376 1161 1438 in
1191 1375 1354 1457 principio
1375 1393 1477 1457 quam
1505 1378 1539 1440 in

371 1481 482 1544 medio
504 1481 638 1546 lationis
653 1482 768 1547 eadem
785 1500 914 1566 semper
929 1484 1092 1548 habeatur
1110 1483 1209 1548 medii
1230 1485 1429 1557 resistentia,
1453 1485 1539 1548 aeris

371 1603 492 1666 nempe
516 1587 727 1668 quiescentis,
753 1596 862 1653 motus
889 1596 974 1653 esset
1002 1591 1183 1671 aequabilis
1217 1586 1314 1655 ursus
1346 1593 1388 1654 ab
1421 1593 1536 1657 eodem

371 1695 548 1776 principio,
572 1696 679 1762 lactus
703 1699 736 1761 in
759 1699 872 1764 eodem
897 1700 1007 1763 medio
1026 1717 1219 1781 semperque
1234 1702 1347 1765 eodem
1366 1701 1463 1764 modo
1479 1701 1536 1764 di-

368 1804 506 1884 sposito.

460 1913 493 1977 u.
516 1912 734 1981 crediderunt
752 1917 957 1998 peripatetici
975 1935 1112 1983 causam
1128 1919 1374 1984 scintillationis
1391 1920 1535 1986 lixarum
1567 1971 1571 1977 .

367 2039 441 2084 esse
466 2022 706 2098 remotionem,
728 2027 771 2089 ob
795 2043 895 2106 quam
921 2025 1015 2090 visus
1039 2031 1149 2090 noster
1172 2027 1288 2091 debilis
1310 2033 1343 2090 et
1372 2028 1537 2108 trepidans

366 2133 409 2196 ad
435 2133 510 2198 illas
535 2135 699 2215 pervenit3
723 2136 781 2199 scd
806 2141 841 2199 ut
865 2137 989 2199 rectius
1013 2135 1204 2217 loquantur,
1224 2138 1382 2218 obquam
1402 2136 1536 2202 illarum

366 2241 479 2324 fulgor
501 2241 619 2308 debilis
642 2261 681 2306 ac
706 2244 854 2308 titubans
878 2243 920 2306 ad
936 2244 1072 2307 oculum
1091 2243 1263 2325 pertingit;
1280 2245 1368 2325 quod
1387 2245 1427 2307 de
1446 2262 1538 2309 more

365 2369 409 2413 ex
436 2351 598 2417 diametro
619 2352 740 2418 falsum
765 2355 839 2418 erit.
863 2353 949 2418 Nam
973 2354 1061 2417 lixae
1084 2354 1288 2429 scintillant,
1315 2355 1395 2436 qnia
1421 2361 1538 2436 suapte

366 2466 487 2522 natura
512 2460 643 2527 lucidae
667 2461 828 2545 fulgorem
854 2463 896 2526 ab
920 2464 1006 2525 intra
1029 2463 1196 2537 emittunt,
1213 2464 1388 2544 radiosque
1406 2464 1536 2548 fulgen·

365 2569 512 2634 tissimus
537 2571 679 2635 vibrant.
703 2571 859 2635 Planetae
884 2587 964 2634 vcro
987 2575 1104 2650 suapte
1127 2576 1245 2634 natura
1269 2571 1401 2635 obscuri
1427 2573 1536 2637 alienu

368 2684 502 2743 tantum
520 2678 645 2745 lumine
660 2680 693 2743 in
710 2678 886 2761 superficie
905 2680 1098 2761 pinguntur.
1117 2679 1268 2762 Languet
1287 2680 1405 2743 exinde
1421 2697 1535 2747 eorum

365 2788 427 2850 lux
453 2787 629 2868 adscititin,
653 2808 739 2871 qnae
756 2790 883 2854 moveri
904 2789 1023 2853 desinit
1044 2789 1076 2852 in
1095 2791 1300 2871 planetarum
1317 2807 1455 2870 corpora
1472 2792 1535 2854 im·

364 2898 517 2978 pingens.

460 3005 513 3069 10.
536 3005 623 3071 Dicis
646 3008 819 3074 stellarum
843 3008 929 3072 inira
957 3009 1088 3074 tertiam
1126 3008 1389 3091 magnitudinem
1426 3009 1535 3074 nullas

363 3133 438 3180 esse
461 3119 678 3198 operationes,
702 3118 808 3200 deque
831 3118 897 3183 illis
921 3120 1047 3184 nullam
1068 3121 1110 3183 ab
1126 3119 1324 3182 astronomis
1340 3136 1455 3182 curam
1473 3120 1534 3182 ba-

363 3226 445 3290 beri.
470 3228 593 3292 Verum
617 3235 709 3292 tuam
735 3229 903 3292 inscitiam
928 3246 993 3292 non
1017 3227 1192 3310 agnoscis?
1214 3225 1331 3292 Nonne
1358 3226 1533 3289 nebulosa·

362 3352 440 3398 rnm
464 3353 581 3401 curam
606 3337 788 3401 maximam
814 3336 921 3418 geris?
945 3339 987 3399 At
1010 3335 1189 3400 nebulosae
1211 3334 1290 3415 quid
1315 3334 1405 3397 aliud
1434 3340 1534 3410 suut,

361 3458 466 3522 quam
490 3443 662 3508 stellarum
685 3443 773 3507 intra
796 3444 928 3508 tertiam
954 3442 1218 3524 magnitudinem
1242 3441 1433 3523 congeries?

457 3551 509 3616 ll.
533 3551 645 3617 Motus
668 3551 821 3617 deorsum
848 3552 1006 3633 gravibus
1029 3556 1079 3614 est
1102 3550 1281 3624 naturalis,
1304 3556 1468 3631 quatenus
1494 3568 1533 3614 ea

363 3659 512 3725 restituit
535 3659 569 3723 in
592 3661 712 3725 bonam
736 3660 1019 3735 constitutionem,
1042 3676 1126 3738 quae
1152 3658 1242 3739 prius
1264 3663 1359 3721 eraut
1382 3659 1416 3721 in
1435 3658 1532 3730 mala,

360 3775 396 3830 et
420 3767 469 3831 sic
492 3775 603 3834 motus
624 3769 725 3834 etiam
751 3787 883 3834 sursum
907 3770 1025 3832 iisdem
1050 3769 1212 3832 naturalis
1235 3775 1300 3842 est,
1323 3775 1360 3830 ut
1383 3784 1460 3831 cum
1490 3766 1531 3829 li·

360 3896 467 3961 gnum
490 3897 533 3943 ex
556 3897 662 3960 aquae
685 3878 789 3944 tundo
813 3879 917 3943 fertur
939 3879 981 3942 ad
1004 3874 1226 3960 superficiem,
1249 3884 1285 3941 ut
1304 3877 1348 3940 ibi
1369 3875 1531 3938 naturali-

361 3995 414 4050 ter
436 3989 600 4068 quiescat,
625 3991 673 4051 ita
695 4006 826 4068 quoqne
850 3987 979 4052 arboris
1003 4003 1116 4052 ramus
1134 3985 1298 4050 attollitur
1317 4000 1449 4047 sursum
1470 4000 1530 4046 na·

361 4092 527 4169 tureliter,
549 4095 629 4176 quia
652 4096 686 4159 vi
710 4095 852 4159 intlexus
875 4094 995 4158 lucrat.

456 4203 507 4266 12.
532 4189 560 4266 E
585 4205 669 4267 bella
694 4222 771 4268 cosa
795 4204 817 4266 il
837 4205 958 4267 sentire
975 4203 1085 4266 alcuni
1107 4201 1310 4283 peripatetici
1328 4202 1530 4283 ignorantis-

361 4310 440 4374 simi
465 4311 498 4375 di
523 4315 736 4378 matematica
760 4314 837 4376 tarsi
862 4313 976 4378 avanti
1001 4330 1063 4376 con
1098 4312 1169 4375 dire
1203 4310 1265 4373 cbe
1295 4310 1464 4374 Aristotile
1494 4310 1528 4372 iu

359 4413 431 4482 cosi
456 4438 538 4503 gran
563 4422 776 4486 matematico
799 4428 924 4502 quanto
947 4421 1035 4492 altri,
1050 4421 1145 4501 qua‘si
1164 4419 1225 4483 cbe
1246 4424 1339 4482 tanto
1365 4420 1450 4483 basti
1469 4419 1530 4481 clre

359 4530 534 4595 Aristotile
556 4550 597 4596 ne
620 4533 718 4596 abbia
741 4521 860 4613 saputo
884 4550 940 4614 per
963 4529 998 4595 se
1021 4549 1040 4592 e
1063 4548 1119 4611 per
1143 4530 1221 4593 loro.

455 4640 506 4707 13.
523 4641 591 4707 Cbe
607 4641 629 4704 il
647 4640 757 4705 lumar
773 4641 848 4705 dell'
860 4659 964 4722 acque
982 4641 1033 4703 dei
1052 4641 1141 4719 pozzi
1159 4640 1324 4703 l'inveruo
1340 4655 1405 4701 non
1423 4653 1529 4718 vcuga

358 4747 403 4815 da
428 4748 478 4814 lor
500 4750 612 4814 calore
633 4747 652 4814 d
676 4750 860 4824 manilesto,
877 4746 995 4843 perche
1016 4749 1025 4813 i
1048 4751 1145 4831 panni
1166 4750 1227 4814 circ
1247 4751 1272 4812 si
1293 4748 1478 4829 useiugano
1495 4747 1530 4820 ul
