3750 5767
447 679 513 745 316
704 695 857 742 annomca
881 695 1007 743 senemr
1032 695 1163 742 concavi
1189 695 1346 743 sennam.
1394 697 1401 710 ·

533 823 633 885 Lenes
657 822 687 884 2.
710 822 836 885 -Est
860 821 952 884 iocus
977 822 1191 902 apparitionis
1215 821 1371 902 imaginis
1407 821 1494 883 inter
1531 819 1602 901 Spe·

445 931 559 994 cuium
584 936 616 992 et
640 947 709 992 rem
733 928 909 1010 objectam.
928 929 1038 1009 Usque
1054 930 1096 992 ad
1112 929 1223 994 iocum
1239 946 1424 994 concursus
1441 929 1601 992 radiorum

444 1041 556 1102 omnia
580 1038 735 1103 videntur
757 1039 889 1101 inversa
914 1055 1047 1103 sursum
1071 1038 1236 1110 deorsam.
1272 1045 1304 1101 et
1339 1039 1505 1120 imagines
1538 1057 1601 1102 mo·

447 1157 567 1212 ventur
592 1165 707 1212 versus
731 1165 827 1210 veras
852 1147 974 1211 termas
998 1138 1104 1212 metas
1130 1165 1246 1212 versus
1281 1147 1486 1228 Speculum,
1522 1165 1602 1210 reee-

446 1258 593 1339 dnntque
615 1258 776 1339 imagines
800 1273 819 1319 a
838 1256 952 1320 formis
973 1259 1073 1334 veris,
1090 1258 1155 1321 iliis
1170 1257 1402 1322 recedentibus
1422 1274 1441 1319 a
1460 1256 1602 1336 Speculo.

537 1367 639 1428 Locus
662 1365 692 1432 3.
717 1400 760 1411 -
784 1365 844 1428 Est
866 1365 959 1430 locus
995 1366 1216 1448 imaginisin
1250 1365 1321 1429 ioco
1356 1365 1415 1428 rei.
1450 1365 1601 1431 Centrum

448 1480 577 1561 Speeuii
603 1479 658 1543 ubi
683 1480 845 1562 imagines
869 1485 1028 1560 apparent
1044 1498 1120 1544 cnm
1138 1481 1246 1555 rebus,
1265 1496 1408 1561 quarum
1430 1485 1511 1542 sunt
1529 1479 1603 1541 ima·

450 1595 564 1674 gines‚
587 1597 620 1656 et
643 1592 676 1655 in
701 1610 767 1671 qno
792 1607 856 1655 non
882 1607 1055 1671 possumus
1078 1590 1191 1655 videre
1215 1591 1277 1655 nisi
1303 1606 1409 1653 unum
1433 1589 1577 1653 nenium.

536 1702 636 1765 Locns
660 1703 691 1766 t.
716 1736 756 1748 -—
782 1701 957 1765 Estiones
981 1701 1134 1782 imaginis
1159 1701 1246 1764 nitra
1271 1716 1339 1762 rem
1363 1698 1542 1780 objectam.

538 1809 638 1873 Locus
662 1811 691 1873 5.
715 1846 760 1860 --
781 1810 840 1874 Est
864 1810 957 1873 iocus
981 1810 1135 1891 imaginis
1170 1811 1203 1872 in
1240 1813 1310 1890 ipsa
1336 1808 1470 1890 Speeuii
1500 1826 1603 1890 super·

451 1921 524 1982 {ieie
548 1922 744 2000 apparentis.
770 1928 801 1982 et
827 1927 931 2000 petest
955 1937 989 1982 se
1008 1920 1139 1982 extendi
1164 1921 1198 1982 in
1223 1924 1385 1983 remotam
1406 1919 1600 1988 distantiam,

449 2032 525 2110 qnia
540 2049 603 2094 nen
616 2032 856 2094 determinatur
869 2031 1062 2110 pnnet0‚sed
1077 2028 1223 2109 procedit
1238 2045 1294 2109 per
1306 2027 1599 2108 aequidistantiam.
