3750 5767
612 429 765 480 annuant
791 433 916 481 saacuar
941 433 1072 482 concava
1096 436 1254 484 sanantur.
1451 422 1516 490 313

695 700 949 785 PRINClPlA
978 703 1182 789 OMNIUM

580 940 673 1009 QUAE
704 942 922 999 tinnulus
953 944 1034 1001 PER
1063 945 1298 1003 SPECULUM.

449 1194 581 1276 Speculi
604 1197 797 1279 superficies
822 1199 933 1280 polita,
966 1218 1114 1264 concava
1149 1202 1332 1266 secundum
1365 1202 1523 1265 determi-

356 1299 474 1368 natam
492 1309 734 1371 concavitatem
755 1307 913 1389 portionis
932 1307 1063 1372 debitae
1080 1310 1249 1390 sphaerae,
1266 1326 1343 1372 nam
1359 1315 1520 1390 quantum

357 1415 451 1477 cadit
474 1431 495 1476 a
518 1414 626 1477 debita
652 1415 860 1496 proportione
885 1421 1013 1479 tantum
1038 1417 1148 1481 minus
1182 1421 1405 1498 repraesentat
1440 1432 1524 1496 quae

359 1519 450 1583 dictu
472 1525 571 1594 sunt;
596 1520 657 1585 laoc
686 1528 822 1603 apparot
852 1539 908 1602 per
935 1524 1217 1603 comparationem
1252 1523 1522 1604 apparentiarum

362 1632 552 1693 nostrorum
576 1629 792 1711 speculorum
816 1636 848 1693 et
873 1630 1020 1701 illorum,
1052 1649 1136 1712 quae
1159 1634 1202 1697 ab
1225 1631 1352 1696 artilice
1379 1634 1523 1712 quodam

362 1739 452 1802 lacta
476 1738 612 1803 luerunt
630 1741 701 1804 siue
725 1757 890 1804 mensura.

455 1847 520 1909 lies
537 1844 678 1927 objecta.
701 1864 787 1927 quae
810 1848 933 1911 dicitur
957 1850 1057 1912 etiam
1083 1867 1160 1913 vera
1185 1847 1349 1925 lorma,et
1366 1866 1417 1913 res
1438 1850 1525 1922 visa;

362 1954 482 2018 lraruna
507 1961 650 2034 quatuor
673 1960 750 2019 suut
774 1957 920 2036 species:
946 1957 1023 2031 Sol3
1048 1959 1212 2022 luminosa
1240 1976 1379 2039 corpora
1403 1961 1527 2023 cande·-

363 2064 472 2127 tarum
485 2063 743 2146 aut-hujusmodi
758 2064 839 2138 alia;
857 2073 1028 2146 prospecta
1041 2066 1245 2141 illuminata3
1261 2073 1293 2130 et
1310 2086 1528 2149 quaecunque

362 2171 450 2234 aliae
474 2189 525 2236 res
550 2173 708 2238 visibiles.

455 2282 559 2346 Linea
570 2282 769 2347 incidentiae
789 2302 885 2348 verae
901 2283 1041 2361 lormae;
1060 2288 1141 2350 lracc
1157 2293 1206 2351 est
1225 2286 1312 2351 linea
1324 2303 1410 2369 quae
1427 2286 1528 2350 deleat

364 2389 545 2453 simulacra
570 2409 681 2456 rerum
706 2392 747 2455 ad
773 2393 903 2473 Speculi
928 2395 1148 2476 superficiem.

460 2498 560 2563 Linea
584 2502 829 2583 contingentiae
852 2500 952 2575 dicta,
976 2503 1132 2568 omnibus
1156 2505 1285 2584 planctis
1315 2504 1445 2585 speculi
1469 2521 1529 2584 ap-

368 2607 551 2688 plicabilisr
574 2628 690 2675 verum
716 2611 797 2675 haec
827 2611 914 2675 linea
950 2614 1137 2693 applicatur
1165 2613 1291 2677 ultimis
1316 2613 1445 2692 punctis
1470 2628 1528 2675 sn-

366 2716 528 2798 perliciei,
545 2719 620 2800 qula
645 2736 686 2783 ex
711 2721 767 2784 tati
793 2720 860 2784 sltu
885 2720 921 2784 tit
947 2721 1065 2785 ultima
1088 2721 1290 2803 apparentia.

460 2827 694 2892 Semicirculus
729 2830 887 2911 gradibus
923 2829 1099 2892 distinctus
1135 2847 1193 2910 pro
1229 2845 1383 2891 mensura
1422 2843 1529 2908 angu-

369 2937 493 3000 lorum.

459 3046 582 3126 anguli
616 3046 657 3110 ad
693 3045 753 3110 nas
787 3063 901 3109 omnes
935 3047 1145 3127 apparentiae
1179 3047 1353 3127 requisiti,
1387 3052 1421 3108 ot
1455 3051 1532 3110 sunt

371 3154 518 3216 maxime
540 3154 742 3225 necessarii,
764 3154 843 3234 quia
866 3171 908 3216 ex
932 3153 999 3218 illis
1023 3155 1164 3235 pendeat
1187 3156 1300 3219 omnia
1322 3172 1409 3235 quae
1431 3172 1532 3236 appa·

370 3267 465 3327 rent:
487 3263 609 3327 horum
632 3264 758 3345 species
780 3270 858 3327 sunt
881 3263 979 3334 duae,
1007 3280 1150 3344 namque
1176 3264 1234 3329 alii
1269 3271 1346 3328 sunt
1385 3264 1533 3328 inciden-

370 3373 448 3446 tiae,
483 3371 540 3435 alii
577 3370 787 3447 rellexionis,
814 3372 869 3452 qui
890 3388 1019 3451 semper
1042 3378 1119 3435 suat
1144 3373 1298 3454 aequales
1332 3379 1364 3435 et
1401 3390 1532 3452 parmu-

371 3480 511 3552 labiles,
544 3480 593 3543 ita
628 3487 664 3544 ut
697 3497 739 3544 ex
767 3480 890 3561 angulo
928 3481 1128 3544 incidentiae
1147 3483 1249 3562 possit
1285 3482 1356 3545 lieri
1392 3482 1533 3563 angulus

371 3588 584 3663 colleximus,
605 3598 639 3652 et
660 3607 679 3653 e
701 3608 871 3656 converso.
896 3591 953 3655 lsti
978 3592 1090 3673 anguli
1128 3598 1187 3654 aut
1214 3593 1425 3655 continentur
1448 3608 1468 3652 a
1492 3591 1533 3652 li·

371 3717 434 3763 nea
457 3698 657 3763 incidentiae
679 3705 711 3762 et
734 3700 991 3781 contingentiae,
1014 3707 1046 3764 et
1070 3707 1147 3764 sunt
1178 3701 1291 3783 anguli
1323 3699 1533 3771 incidentiae,

373 3807 426 3869 vel
456 3824 477 3870 a
512 3807 598 3871 linea
629 3807 817 3873 retexionts
840 3815 872 3872 et
895 3810 1161 3890 contingentiae,
1185 3817 1218 3870 et
1242 3816 1318 3873 sunt
1343 3807 1457 3889 anguli
1482 3825 1533 3869 rc·
1588 3852 1591 3859 .

374 3916 537 3981 lleaionis.

464 4025 554 4091 Situs
578 4045 677 4092 verae
701 4027 826 4092 turmae
849 4036 999 4109 respectu
1021 4028 1151 4109 Specuti
1171 4030 1321 4093 variatus
1336 4028 1419 4092 allos
1436 4033 1534 4106 atque

373 4135 458 4198 alios
481 4136 620 4218 angulos
644 4137 845 4201 incidentiae
868 4137 969 4212 lacit,
992 4156 1034 4201 ex
1061 4156 1127 4218 quo
1162 4139 1312 4219 sequitur
1348 4143 1384 4201 ut
1419 4135 1534 4217 anguli

374 4242 563 4308 retlexionis
585 4246 767 4309 varientur.

464 4354 567 4419 Linea
589 4373 675 4436 quae
698 4358 817 4420 transit
841 4375 896 4438 per
919 4364 1082 4433 centrum,
1106 4359 1195 4423 dicta
1217 4359 1365 4421 cnttretos
1379 4354 1535 4417 incidun-

377 4462 453 4535 tiac,
477 4479 561 4542 quae
585 4465 788 4545 imaginatur
811 4467 942 4529 extendi
968 4467 1055 4530 ultra
1080 4467 1266 4547 Speculum,
1302 4472 1333 4529 et
1368 4482 1410 4525 ex
1441 4481 1479 4524 ea
1503 4470 1536 4525 et

499 4568 978 4626 fflmmfflmm-LXW.
1382 4574 1415 4624 w
