3750 5767
490 701 498 716 ·
554 695 707 744 resource
731 696 857 744 sescum
881 697 1014 745 coucam
1038 699 1196 746 sennaser.
1389 684 1455 751 315

291 818 389 881 lionis
410 833 525 882 omnes
540 818 625 881 radii
645 820 687 883 ab
706 836 772 883 uno
791 825 911 900 puncto
928 825 1085 886 exeuntes
1108 824 1269 887 accedunt
1283 825 1324 887 ad
1336 827 1451 906 aequi-

290 927 488 991 distantiam
510 928 643 1008 quando
666 928 862 1009 elongantur
897 947 916 992 a
950 948 1089 1010 corpore
1123 930 1297 994 luminoso.
1325 931 1452 997 Occur-

290 1042 368 1101 runt
392 1038 505 1118 itaque
527 1035 709 1101 secundum
734 1037 1025 1117 aequidistantiam
1050 1042 1088 1100 ut
1111 1038 1198 1101 linea
1218 1047 1449 1119 repraesentat.

378 1145 482 1209 Lmen
505 1144 543 1207 B.
566 1179 609 1191 -
634 1143 723 1209 llaec
747 1145 835 1207 linea
858 1145 957 1209 babet
981 1145 1146 1225 duplicem
1169 1148 1450 1227 comparationem

288 1255 330 1319 ad
354 1255 549 1336 Speculum:
576 1251 623 1319 1.⁰
647 1255 779 1335 quidem
799 1260 835 1318 ut
854 1254 940 1318 linea
956 1255 1168 1330 incidentiae,
1187 1262 1220 1318 et
1240 1263 1318 1320 tunc
1340 1258 1450 1340 imago

288 1363 389 1444 bujnr
414 1362 613 1428 incidentiae
635 1369 771 1447 apparet
793 1369 888 1428 extra
917 1364 1092 1446 Speculum
1117 1366 1150 1428 in
1175 1382 1249 1436 aere
1273 1367 1357 1429 inter
1382 1386 1448 1430 rem

286 1455 453 1555 obiectam
488 1482 520 1537 et
546 1474 748 1556 Speculum:
771 1472 819 1539 2⁰
842 1482 1056 1555 comparatur
1079 1480 1115 1538 ut
1138 1473 1295 1546 reflexio,
1319 1477 1451 1556 quando

288 1583 418 1647 seilicet
441 1582 548 1647 forma
570 1582 698 1665 objecta
716 1584 856 1665 Speculo
879 1589 927 1647 est
952 1584 986 1646 iu
1012 1584 1109 1659 linea,
1130 1600 1216 1664 quae
1240 1584 1317 1647 buio
1337 1603 1449 1647 corre-

286 1694 448 1773 spondet,
471 1697 504 1756 et
527 1694 562 1757 in
583 1692 639 1756 tali
664 1692 912 1772 comparatione
936 1692 1114 1772 imaginem
1140 1689 1242 1755 desert
1267 1691 1353 1755 ultra
1378 1710 1446 1755 rem

286 1803 468 1884 offlectam:
487 1803 575 1884 quod
599 1807 687 1866 certe
710 1809 759 1864 est
782 1802 872 1867 omni
898 1800 1117 1864 admiralium
1141 1801 1277 1882 dignum
1303 1801 1365 1877 bis,
1390 1802 1446 1881 qui

285 1929 423 1989 causam
448 1911 600 1975 nesciunt
625 1910 725 1991 bujns
749 1910 970 1991 apparentiae.

376 2025 478 2089 Luem
501 2023 536 2090 C.
556 2058 600 2071 -
623 2024 713 2088 llaec
738 2025 839 2095 linea,
864 2040 942 2087 cum
970 2025 1013 2087 sit
1037 2022 1316 2104 perpendicularis
1339 2022 1381 2085 ad
1404 2022 1446 2085 li·

286 2151 381 2197 neam
405 2132 652 2214 contingentiae
672 2133 814 2213 Speculi,
831 2131 1012 2196 reflectitur
1035 2133 1068 2195 in
1088 2151 1121 2195 se
1142 2132 1223 2213 ipsa,
1242 2132 1316 2195 ideo
1335 2133 1444 2214 imago

286 2245 424 2323 apparet
447 2241 481 2304 in
507 2240 581 2305 loco
603 2219 664 2315 rei:

372 2349 475 2413 Lunna
491 2349 531 2413 t).
546 2383 588 2395 -
609 2350 696 2412 Haec
711 2338 802 2411 ¹linea
820 2356 1044 2429 repraesentat
1057 2349 1236 2430 imaginem
1260 2349 1343 2411 inter
1363 2349 1443 2430 Spe·

283 2459 396 2522 culum
421 2462 454 2520 et
476 2474 545 2520 rem
563 2456 740 2538 objectam,
760 2464 792 2521 et
809 2462 913 2538 potest
932 2458 1032 2520 etiam
1050 2473 1119 2519 esse
1133 2455 1221 2519 linea
1242 2457 1443 2520 incidentiae

284 2586 381 2632 verae
405 2567 544 2640 formae:
565 2571 643 2630 tunc
668 2572 779 2629 autem
804 2567 914 2647 imago
938 2567 1032 2629 debet
1049 2583 1206 2647 apparere
1224 2566 1312 2628 ultra
1330 2584 1444 2631 veram

283 2679 435 2741 formam.

370 2787 472 2850 bruna
494 2788 533 2851 Ε.
557 2820 601 2833 -
625 2788 713 2850 llaec
738 2787 825 2849 linea
849 2787 946 2850 babet
980 2787 1063 2849 duas
1098 2786 1361 2865 comparationes
1399 2784 1444 2846 ad

280 2901 393 2977 ipsum
418 2896 613 2978 Speculum:
641 2896 683 2960 1.·
708 2901 757 2958 est
781 2899 816 2957 nt
840 2895 882 2958 sit
906 2894 990 2957 linea
1028 2892 1232 2957 retractionis
1269 2892 1439 2955 radiorum

278 3006 389 3079 Solis,
423 3010 455 3066 et
489 3009 565 3068 tuuc
597 3007 791 3069 comburet:
827 3003 871 3066 2·
901 3009 950 3066 est
980 3009 1015 3066 nt
1043 3004 1085 3066 sit
1119 3003 1222 3085 prima
1258 3001 1438 3064 incidentia

279 3114 450 3189 candelae,
472 3121 504 3177 et
527 3120 606 3177 tunc
630 3131 690 3177 sua
716 3112 803 3178 linea
826 3113 948 3177 reflexa
976 3131 1132 3195 apparere
1160 3111 1239 3175 iacit
1261 3111 1442 3193 imaginem

279 3223 416 3286 luminis
438 3222 596 3286 candelae
619 3222 652 3285 io
676 3221 851 3313 superlicio
874 3222 1029 3303 Speculi,
1063 3229 1097 3283 et
1131 3225 1236 3301 potest
1260 3218 1443 3282 calefacere

277 3349 335 3412 per
368 3338 531 3396 remotam
565 3333 781 3408 distantiam,
803 3338 835 3395 et
864 3331 1054 3394 illuminare
1076 3329 1209 3409 quidem
1245 3327 1442 3401 clarissime,

276 3443 323 3504 ita
347 3448 385 3505 ut
409 3447 511 3506 noctu
533 3442 687 3523 legantur
711 3441 837 3505 literae.

367 3553 469 3616 Lunna
493 3552 529 3627 F,
551 3553 614 3614 rive
638 3552 722 3614 liceo
742 3560 933 3632 punctorum
956 3569 976 3614 n
997 3549 1250 3632 perpendiculari
1273 3566 1372 3645 usque
1401 3548 1442 3611 nd

275 3670 422 3724 centrum
433 3658 620 3742 Spernit-
631 3663 665 3725 ln
679 3662 741 3726 bac
754 3662 842 3724 linea
855 3678 1025 3742 nunquam
1040 3665 1145 3741 potest
1157 3675 1316 3740 apparere
1329 3658 1441 3737 aliqua

276 3772 390 3852 imago
413 3788 511 3835 verae
535 3771 670 3847 icrmae,
694 3772 771 3853 quia
798 3771 962 3853 imagines
986 3788 1100 3833 earum
1125 3785 1253 3849 semper
1277 3770 1438 3847 apparent

277 3880 367 3943 ultra
391 3880 580 3962 Speculum.
603 3883 777 3946 Praeterea
799 3881 912 3946 omnia
937 3880 1094 3945 videntur
1117 3885 1242 3952 erecta,
1266 3884 1298 3939 et
1322 3877 1439 3939 dextra

275 3995 435 4070 apparent
470 3991 609 4061 dextra,
644 3999 677 4054 et
712 3991 843 4071 quando
867 3978 965 4055 verae
990 3990 1332 4054 formae‘occurrunt
1359 3987 1439 4067 Spe·

272 4101 352 4164 culo
384 4101 546 4184 imagines
574 4101 737 4165 accedunt
760 4101 801 4164 ad
828 4101 1027 4182 Speculum,
1063 4107 1095 4162 et
1131 4098 1288 4162 recedunt
1323 4096 1438 4161 formis

276 4212 365 4275 veris
390 4210 619 4277 recedentibus
642 4230 662 4275 a
686 4211 836 4293 Speculo.

364 4430 465 4493 Locus
492 4432 520 4493 1.
545 4463 588 4476 -
611 4429 669 4493 Est
681 4431 781 4508 ¹locus
793 4447 974 4494 concursus
994 4429 1143 4492 omnium
1158 4427 1326 4490 radiorum
1341 4425 1437 4498 Solis,

276 4538 329 4601 ubi
366 4537 539 4619 plumbum
575 4538 777 4619 colliquatur
800 4546 832 4602 et
856 4538 980 4619 lapides
1011 4540 1271 4609 comburentur,
1306 4538 1438 4615 quando

275 4647 328 4710 Sol
363 4653 413 4710 est
447 4646 664 4711 clarissimus.
689 4647 724 4711 lu
751 4649 811 4709 boc
838 4648 908 4710 loco
932 4647 1043 4710 omnia
1068 4645 1327 4716 contunduntur,
1359 4644 1439 4723 quia

276 4757 507 4833 permutantur
530 4772 662 4820 sursum
686 4755 849 4821 deorsum.
