3750 5767
766 702 827 749 ren
847 704 968 751 nerins
991 704 1102 760 eoois.
1450 688 1515 753 225

353 827 491 891 ierebbe
514 826 557 889 rin
581 821 615 888 se
637 831 740 889 siesse
763 824 960 889 avnnzanrlo
991 826 1064 889 neii'
1080 827 1201 907 impero
1226 825 1376 901 iniiniio,
1398 825 1461 888 ohe
1495 822 1519 886 ie.

355 935 479 1017 grande
504 935 644 999 assurdo
656 931 678 1018 ).
702 933 756 998 Mn
783 930 902 1014 neronis
916 941 1033 1014 questa
1050 930 1141 998 viriis
1157 932 1176 996 i
1190 935 1347 1017 impressa
1366 935 1417 997 nel
1436 950 1514 1014 nen-

352 1045 426 1108 doio
450 1042 740 1116 indeiebiimenie‚
766 1042 927 1107 [ornando
950 1043 974 1107 11
999 1049 1152 1108 movente
1179 1061 1200 1107 n
1231 1042 1337 1126 dergii
1364 1061 1408 1107 nn
1431 1044 1516 1106 nitro

352 1152 518 1233 impulso.
543 1150 586 1232 gi·
598 1145 792 1232 imprimeris
819 1149 894 1215 altri
918 1150 984 1215 dne
1007 1152 1100 1233 gradi
1125 1151 1159 1215 di
1184 1148 1296 1224 viriis,
1320 1149 1346 1215 si
1371 1151 1433 1215 ohe
1461 1145 1517 1234 gin

353 1258 518 1325 riiorneri
533 1277 596 1325 eon
619 1265 765 1341 querito,
787 1277 806 1322 e
825 1259 877 1324 nei
903 1268 992 1325 terzo
1016 1261 1160 1342 impulso
1177 1280 1218 1325 ne
1233 1257 1421 1344 acquisiere
1439 1264 1514 1327 sliri

354 1373 427 1443 ine,
446 1367 475 1434 si
499 1369 562 1433 ohe
580 1387 723 1435 serenno
741 1371 833 1443 sei‚e
851 1371 1153 1435 successivemenie
1169 1373 1201 1435 in
1218 1373 1261 1436 ὅθ
1277 1374 1384 1452 spiere
1402 1375 1517 1454 nonni·

354 1591 435 1652 bene
458 1587 483 1650 ii
508 1592 660 1651 movente
681 1603 838 1657 cessasse,
862 1605 924 1667 pur
946 1588 1008 1652 ohe
1028 1606 1092 1652 non
1118 1589 1161 1671 gii
1187 1588 1271 1653 fosse
1293 1597 1430 1671 opposio
1463 1591 1514 1653 ni·

356 1716 440 1763 enno
463 1700 610 1779 ininpno.
632 1696 679 1761 0r
702 1698 850 1761 continui
878 1714 958 1778 nure
976 1698 999 1761 ii
1017 1706 1169 1762 movente
1187 1700 1217 1761 in
1235 1714 1293 1762 sun
1309 1698 1516 1778 operarione.

356 1806 567 1871 eeomineisi
592 1822 612 1868 n
636 1806 794 1869 mandere
818 1806 840 1870 ii
866 1822 970 1889 grano
993 1813 1080 1869 sotto
1103 1808 1134 1870 in
1159 1808 1257 1879 moin,
1283 1808 1313 1869 in
1337 1808 1514 1870 resistenrn

357 1917 404 1980 dei
429 1916 511 1996 nuni
546 1931 672 1996 grano,
697 1932 753 1995 per
775 1915 807 1978 in
830 1917 1083 1997 supposizione,
1108 1918 1261 2000 pnreggin
1288 1916 1328 1981 12
1352 1915 1443 1999 gredi
1480 1917 1512 1980 di

358 2021 445 2089 ririir
472 2029 641 2097 nonenim
665 2023 819 2104 adunque
843 2025 894 2087 nei
920 2025 1148 2106 tempnd’nno
1164 2025 1306 2107 imoniso
1322 2026 1344 2089 ii
1365 2032 1518 2089 movente

355 2132 536 2197 consevisse
559 2131 624 2195 due
648 2132 741 2212 gredi
766 2134 798 2196 di
824 2132 925 2204 viriis.
950 2152 1002 2198 me
1026 2136 1050 2198 ii
1074 2154 1179 2217 grano
1203 2154 1243 2199 ne
1268 2152 1382 2200 nrreen
1405 2133 1513 2199 dodini

359 2240 391 2306 rii
431 2241 635 2314 resisrenm,
658 2238 735 2323 pero
757 2245 788 2306 ni
812 2249 908 2309 nenio
931 2245 1023 2324 gredi
1053 2238 1082 2306 d'
1096 2247 1216 2327 impeto
1237 2245 1289 2310 dei
1314 2245 1454 2326 nendoio
1476 2261 1516 2307 ne

354 2366 502 2415 snrnnno
518 2349 616 2414 levati
634 2348 735 2421 dinei,
750 2349 825 2413 ond'
838 2351 902 2432 egli
918 2346 1054 2432 opereris
1076 2370 1138 2416 eon
1155 2359 1299 2416 noranta
1314 2334 1519 2421 soienenrer

352 2476 410 2523 mn
434 2459 487 2521 nei
512 2465 668 2540 segnenie
702 2459 844 2540 impulso
867 2460 889 2522 ii
915 2469 1067 2525 movente
1100 2479 1140 2525 ne
1173 2462 1340 2544 oggiugne
1364 2461 1429 2525 due
1452 2478 1471 2524 e
1495 2460 1518 2522 ii

353 2585 463 2651 grano
486 2586 549 2649 pur
572 2584 613 2633 ne
636 2568 787 2633 rimuove
810 2568 944 2644 (indici,
966 2566 994 2633 si
1019 2570 1080 2634 cire
1104 2571 1127 2634 ii
1152 2570 1290 2652 pendoio
1310 2571 1338 2633 si
1364 2571 1520 2634 ridueen

353 2679 490 2743 invornr
504 2696 568 2742 oon
584 2685 729 2752 ostentm
744 2695 762 2741 e
777 2675 845 2743 oosi
858 2686 1201 2761 eonsegneniernenie,
1215 2679 1356 2745 levando
1373 2679 1395 2741 ii
1412 2696 1517 2760 grano

357 2788 484 2866 einqne
499 2786 588 2850 volte
604 2782 661 2867 pio
679 2787 741 2850 eise
757 2803 822 2850 non
838 2786 968 2850 rinreiie
986 2786 1008 2848 ii
1026 2792 1190 2859 movente,
1214 2787 1248 2849 in
1273 2802 1391 2849 manco
1411 2792 1520 2864 tempo

355 2895 393 2958 di
430 2893 543 2975 quello
564 2895 596 2959 di
620 2910 706 2958 nore
730 2895 862 2976 impulsi
892 2889 969 2958 saris
993 2895 1086 2959 srniin
1110 2894 1141 2958 in
1166 2891 1255 2958 viriis
1278 2911 1297 2954 e
1321 2893 1460 2957 formato
1496 2892 1518 2955 ii

356 3001 512 3076 nruiino,
534 3003 556 3065 ii
578 3003 675 3084 qunie
698 3020 763 3067 non
787 3001 953 3068 nominoio
976 3021 996 3067 n
1021 3006 1189 3070 maeinare
1219 3019 1254 3066 se
1280 3020 1346 3067 non
1375 3005 1461 3084 dopo
1497 3002 1519 3065 ii

357 3118 471 3193 tempo
489 3111 522 3175 di
538 3114 715 3193 cinquania
739 3115 887 3195 impulsu
906 3131 924 3176 e
947 3111 1016 3178 cosi
1040 3117 1074 3178 in
1100 3115 1164 3178 inie
1186 3114 1380 3194 opererione
1399 3114 1426 3176 si
1443 3109 1520 3177 sari

357 3221 490 3284 butinto
513 3221 569 3284 via
591 3221 680 3284 circa
703 3223 714 3284 i
734 3227 747 3305 g
765 3222 815 3286 dei
837 3227 957 3303 tempo,
973 3224 1045 3286 anzi
1067 3222 1169 3286 moiio
1194 3217 1248 3302 piri
1270 3237 1389 3284 ancora
1410 3239 1444 3284 se
1464 3222 1517 3285 noi

359 3332 482 3414 meglio
506 3331 665 3396 andremo
689 3329 929 3396 considerando
948 3331 971 3394 ii
995 3338 1090 3396 iniio.
1108 3330 1251 3396 Sarebbe
1268 3329 1332 3393 iaie
1348 3330 1370 3392 ii
1386 3329 1519 3410 dispen-

358 3441 412 3505 dio
435 3438 488 3503 dei
515 3447 624 3520 iempn
638 3439 771 3520 qnando
792 3439 823 3502 in
843 3436 933 3502 viriis
952 3439 1114 3502 adiutrice
1133 3438 1183 3503 dei
1201 3438 1339 3520 pendoio
1359 3443 1520 3519 presiasse

358 3549 381 3612 ii
405 3565 468 3612 suo
491 3548 585 3611 niuto
603 3547 919 3620 ooniinnainmenie‚
944 3546 1087 3610 siccome
1107 3548 1139 3610 ia
1158 3547 1333 3610 resistenza
1351 3547 1403 3610 dei
1420 3564 1523 3629 grano

359 3675 456 3721 senza
480 3656 723 3720 intermissione
744 3657 1049 3721 continuatamenie
1072 3656 1273 3738 impedisee3
1304 3673 1356 3719 mn
1388 3655 1410 3718 ii
1444 3673 1522 3736 pen-

359 3767 435 3832 doio
458 3767 548 3830 cirea
572 3766 639 3848 agii
662 3767 794 3831 esiremi
820 3767 952 3830 termini
976 3766 1059 3831 delie
1082 3785 1141 3831 sue
1164 3768 1297 3840 andare,
1322 3765 1406 3829 neiie
1431 3765 1520 3844 quali

360 3872 387 3936 e‘
400 3873 428 3937 si
455 3874 571 3936 riduee
595 3872 662 3935 aiio
684 3879 771 3937 stato
805 3874 838 3936 di
869 3875 991 3954 quiete,
1016 3874 1215 3956 nooirissimo
1248 3892 1269 3936 o
1301 3873 1392 3935 nolio
1414 3889 1524 3952 opera.

359 3981 500 4047 incendo
524 3981 610 4045 iorzn
636 3981 720 4045 eoiin
744 3982 815 4045 soie
839 3999 899 4045 sua
928 3977 1081 4064 gravitir,
1114 3984 1243 4063 privam
1267 3980 1298 4045 di
1326 3974 1467 4044 veioniiir
1491 3980 1523 4043 di

360 4098 462 4167 moto,
478 4091 510 4154 1ο
526 4092 604 4172 quai
621 4087 765 4155 reiecit&
781 4091 845 4172 egli
862 4107 986 4156 nnoorn
1004 4090 1271 4173 languidnmenie
1287 4087 1440 4168 eeqrrisia
1454 4104 1525 4151 rne-

359 4200 478 4263 dinnie
497 4199 528 4261 in
553 4199 731 4263 resistente
754 4199 806 4262 dei
824 4217 942 4282 grano:
968 4216 1008 4263 ne
1032 4199 1161 4280 segnita
1180 4199 1242 4261 nire
1262 4198 1271 4260 i
1288 4198 1360 4261 suoi
1388 4196 1522 4277 impulsi

359 4326 441 4372 sono
457 4307 638 4377 interroiii.
655 4325 673 4369 e
688 4307 750 4370 nire
773 4309 884 4371 buono
908 4313 1000 4389 parte
1025 4305 1074 4369 dei
1100 4312 1209 4385 tempo
1232 4304 1258 4367 si
1284 4303 1405 4384 sponde
1430 4304 1525 4366 ozin-
1645 4341 1647 4345 ι

361 4420 520 4480 semente.
543 4414 599 4479 Mn
623 4410 696 4479 diris
721 4415 804 4479 forse
830 4414 1067 4483 i'nvversario.
1093 4412 1211 4493 poiersi
1239 4429 1300 4491 pur
1324 4412 1452 4474 rioevor
1467 4427 1525 4472 oo·

362 4525 461 4589 modo
485 4523 539 4587 dni
566 4526 715 4606 pendoio
736 4525 857 4589 sebben
881 4543 945 4590 non
969 4521 1037 4588 cosi
1063 4524 1185 4605 grande
1205 4529 1331 4605 quanio
1350 4524 1484 4587 snrehbe
1501 4523 1523 4584 ii

362 4630 415 4715 gii
445 4633 560 4709 deno,
583 4635 645 4698 eise
670 4651 725 4697 ern
749 4634 771 4697 ii
798 4640 889 4713 potor
912 4634 1006 4709 inre,
1029 4635 1193 4698 mediante
1217 4635 1236 4697 1’
1250 4635 1343 4698 aiulo
1368 4635 1417 4698 dei
1443 4651 1524 4714 pnn-

362 4743 448 4820 doio,
472 4760 534 4807 oon
558 4744 622 4808 due
645 4745 705 4808 soii
732 4745 823 4825 gredi
850 4745 881 4808 di
900 4745 999 4816 iorza.
1014 4745 1124 4825 queiio
1142 4746 1204 4808 eho
1223 4762 1319 4808 senze
1336 4761 1409 4807 esso
1428 4745 1455 4808 si
1474 4743 1524 4805 irr-

492 4849 619 4906 (isnrneo
639 4850 766 4906 iisnrnnr.
787 4881 819 4892 -
839 4849 870 4906 ’1.
893 4850 971 4904 xiv.
1374 4853 1407 4901 20
