3750 5767
443 702 507 778 dit)
898 717 1041 772 rursiam
1066 726 1153 772 araas.

440 847 585 911 cessario
608 848 674 910 sint
698 851 833 926 quanta,
856 846 935 926 quia
951 847 1077 909 scilicet
1098 845 1174 909 talis
1190 845 1307 921 torma,
1326 850 1361 908 ut
1380 850 1458 925 puta
1478 845 1594 924 lapidis,

442 961 560 1031 terrae,
583 957 669 1029 auri,
692 957 753 1020 snb
777 955 897 1036 minori,
925 956 1112 1034 quantitate
1146 954 1326 1017 consistere
1361 954 1488 1032 nequit.
1524 952 1595 1018 Cum

442 1071 552 1127 autem
580 1072 643 1127 tres
668 1064 733 1127 sint
756 1063 951 1143 quantitatis
975 1062 1211 1136 dimensiones,
1243 1063 1422 1126 dicendum
1446 1069 1519 1138 est,
1541 1063 1597 1125 tor·

442 1190 530 1236 mam
555 1173 644 1236 illius
667 1173 813 1255 corporis
837 1172 962 1253 physici
1001 1172 1061 1236 sub
1094 1173 1220 1235 minore
1245 1172 1466 1255 longitudine,
1492 1162 1596 1235 latitu-

442 1281 518 1343 dine
541 1289 573 1344 et
598 1280 819 1361 profunditate
841 1282 1021 1344 consistere
1041 1299 1105 1345 non
1125 1298 1227 1362 posse.
1244 1281 1477 1345 Dimensiones
1497 1290 1596 1346 autem

442 1392 575 1455 istacin
595 1409 732 1472 corpore
755 1409 819 1455 non
843 1391 1001 1470 organico
1032 1408 1096 1455 non
1130 1390 1286 1455 differunt
1322 1391 1385 1454 nisi
1422 1393 1597 1456 secundum

442 1507 587 1564 nostram
611 1500 929 1573 considerationem;
955 1500 1108 1580 aequalia
1143 1518 1221 1582 ergo
1255 1504 1350 1564 erant
1385 1501 1419 1564 in
1460 1501 1599 1565 minimis

441 1609 531 1671 bisce
565 1609 861 1691 componentibus,
884 1615 916 1669 et
939 1625 997 1688 per
1019 1625 1222 1687 consequeus
1245 1608 1324 1688 quia
1348 1607 1491 1672 minima
1514 1617 1599 1672 erant

385 1780 387 1784 .
442 1716 589 1798 physica.

528 1826 559 1889 d.
585 1826 686 1888 Fixae
710 1832 787 1890 sunt
811 1827 992 1891 admodum
1015 1828 1169 1909 exiguae,
1193 1825 1276 1892 adeo
1305 1833 1341 1894 ut
1371 1846 1480 1910 neque
1504 1829 1597 1895 (lanis

439 1937 508 2016 ipse
519 1934 622 1998 multa
643 1943 774 2017 superet
791 1936 917 1998 minuta
935 1935 1091 1999 secnnda.
1110 1936 1202 1999 Licet
1215 1941 1359 2016 quatuor
1375 1936 1597 2001 Mediceorum

439 2044 650 2107 Ptanetarum
663 2042 784 2123 periodi
794 2042 1281 2125 velocissimaesint,uunquam
1295 2051 1406 2109 tamen
1419 2046 1489 2109 buc
1503 2063 1600 2126 usqne

439 2152 538 2215 iidem
564 2151 698 2216 luerunt
721 2153 814 2222 situs,
841 2153 892 2215 vel
912 2152 1046 2215 eaedem
1067 2153 1339 2235 intercapedines.
1360 2152 1462 2232 Quod
1481 2156 1600 2237 liquido

440 2268 579 2333 constat,
603 2263 630 2325 si
655 2269 891 2343 consequentes
915 2263 1067 2344 deinceps
1091 2261 1352 2328 constitutiones
1373 2265 1599 2339 observentur,

439 2386 524 2450 qnae
547 2368 699 2432 eumdem
721 2368 872 2433 ordinem
887 2369 1032 2432 minime
1054 2376 1213 2434 serrant:
1237 2370 1326 2450 quod
1349 2373 1378 2434 si
1402 2378 1438 2434 et
1464 2374 1598 2443 borum,

442 2495 580 2542 numero
604 2485 732 2543 tantum
756 2485 909 2560 quatuor,
932 2480 1148 2544 brevissimae
1170 2461 1398 2545 restitutiones
1423 2467 1598 2546 irrationa-

440 2589 486 2652 les
509 2595 598 2664 sunt,
619 2587 711 2669 quid,
733 2606 867 2670 quaeso,
891 2590 931 2652 de
960 2587 1034 2652 aliis
1061 2594 1187 2669 septem
1209 2590 1385 2653 erronibns
1406 2591 1599 2655 existiman·

438 2692 547 2761 dum?
567 2695 651 2774 Quis
673 2713 788 2760 eornm
810 2714 939 2760 errores
961 2698 1095 2761 statutis
1120 2698 1247 2779 legibus
1270 2698 1449 2765 excribetl
1556 2746 1560 2761 .

529 2807 559 2870 5.
584 2806 717 2880 Utimur⁸
740 2812 897 2887 tanquam
921 2806 1076 2870 rationali
1102 2823 1256 2870 mensura
1280 2809 1490 2889 temporibus
1509 2826 1595 2875 revo-

439 2916 575 2978 lutionis
597 2915 751 2990 diurnae,
771 2923 804 2978 et
827 2933 942 2979 eorum
964 2918 1145 2996 particulis,
1162 2925 1349 2983 menstruas
1372 2920 1500 2994 Lunae,
1521 2922 1596 2987 Solis

438 3041 576 3096 annuas,
587 3031 619 3088 et
631 3022 720 3088 alias'
727 3024 928 3105 reliquorum
946 3025 1157 3090 Ptanetarum
1178 3029 1382 3092 reversiones
1396 3033 1508 3095 metiri
1521 3050 1595 3095 con·

438 3134 620 3206 saevimus,
642 3151 727 3213 quae
750 3140 819 3196 tum
845 3136 930 3198 inter
953 3153 997 3208 se,
1023 3143 1091 3199 tum
1116 3136 1243 3216 primae
1261 3137 1377 3200 lationi
1395 3137 1595 3202 incommen-

437 3243 599 3307 surabiles
621 3261 698 3306 cum
723 3245 799 3316 sint,
823 3245 1067 3309 irrationabiles
1089 3263 1179 3328 ergo,
1203 3251 1235 3308 et
1259 3263 1392 3327 prorsus
1417 3248 1595 3329 inexplica-

437 3355 518 3417 biles
536 3359 661 3417 extant.
685 3356 893 3437 Quapropter
909 3357 960 3429 iis,
976 3357 1032 3437 qui
1049 3363 1240 3437 sequentur,
1263 3360 1477 3434 astronomis,
1503 3359 1593 3422 sicuti

437 3469 469 3524 ct
492 3465 716 3544 superioribus
739 3466 902 3538 omnibus,
927 3466 1096 3546 negotium
1117 3467 1150 3528 in
1170 3467 1371 3530 astronomia
1395 3484 1462 3531 non
1489 3469 1593 3532 deerit.

436 3573 573 3654 lnsuper
604 3575 806 3654 reliquarum
841 3573 992 3636 omnium
1030 3573 1192 3636 latiouum
1225 3589 1417 3636 mensuram
1458 3573 1594 3637 tacimus

436 3683 589 3747 diurnam
604 3684 854 3758 revolutionem,
868 3683 1004 3763 ejusque
1018 3683 1208 3764 particulas,
1224 3683 1317 3762 quasi
1334 3691 1367 3745 et
1385 3683 1460 3763 ipsa
1477 3700 1595 3764 aequa·

435 3793 567 3856 biliset
590 3793 762 3856 uniformis
797 3794 854 3868 sit,
888 3793 1107 3873 aequalesque
1141 3793 1231 3856 illius
1267 3808 1365 3855 arcus
1403 3793 1596 3874 aequalibus

438 3905 638 3984 temporibus
650 3901 883 3984 respondeant;
901 3905 957 3966 sed
973 3903 1046 3982 quis
1062 3902 1264 3975 observavit,
1283 3900 1357 3981 quis
1377 3902 1463 3965 ridit
1476 3903 1597 3982 AEqua·

439 4014 519 4075 toris
543 4012 750 4092 aequabilem
775 4030 846 4075 esse
869 4013 1077 4077 transitum?

526 4121 556 4184 6.
581 4121 687 4186 Calidi
711 4128 759 4184 cst
784 4121 977 4196 rarefacere‚
999 4129 1032 4184 et
1055 4122 1166 4204 frigidi
1191 4123 1405 4185 condensare.
1429 4122 1595 4202 Numquid

436 4248 556 4310 corpus
580 4217 735 4311 aliquod,
759 4231 845 4314 quod
870 4233 903 4294 in
929 4250 1014 4312 aqua
1040 4232 1160 4314 frigida
1199 4251 1262 4295 non
1297 4232 1501 4306 descendat,
1524 4233 1595 4313 quia

437 4341 581 4415 densior,
605 4341 780 4404 descendat
804 4342 891 4404 idem
916 4343 950 4404 in
975 4342 1092 4412 calida,
1120 4343 1197 4422 quia
1224 4342 1355 4406 rarior?

526 4451 557 4513 7.
580 4450 616 4513 ln
641 4451 785 4514 vasculis
819 4451 932 4515 vitreis
961 4452 1103 4515 occlusis
1132 4453 1276 4533 liquores
1310 4458 1343 4513 et
1377 4449 1510 4516 fructus
1544 4452 1597 4513 diu

435 4560 519 4622 forte
543 4567 727 4624 servantur.

527 4674 557 4737 8.
582 4675 661 4738 Esse
686 4676 718 4737 in
748 4682 841 4757 gravi
878 4679 1131 4760 repugnantiam
1168 4679 1380 4741 intrinsecam
1406 4676 1449 4740 ad
1474 4681 1596 4739 motum

433 4782 691 4860 instantaneum,
709 4786 790 4852 adeo
807 4791 844 4847 ut
861 4804 926 4848 non
944 4786 1071 4849 ratione
1088 4785 1187 4849 medii
1205 4783 1412 4864 impedientis
1427 4785 1597 4864 contingat
