3750 5767
564 723 693 771 incoacto
717 725 755 769 tn
780 724 871 770 snas
896 725 925 770 ot
948 724 985 769 on
1009 724 1159 771 invecto.
1379 710 1444 774 247

281 847 339 909 dar
362 845 465 928 questi
488 846 615 908 numeri
637 862 658 908 a
679 861 736 909 sao
759 841 860 919 modii,
883 864 898 908 e
922 846 977 920 tor
1000 847 1103 927 pnesti
1119 849 1256 927 processi
1279 866 1299 911 a
1322 868 1379 911 sno
1401 850 1454 910 oe·

280 953 446 1036 nepiacito,
464 971 483 1015 o
499 953 631 1033 pipiiore
652 970 709 1034 per
732 953 931 1017 antecedente
955 971 971 1015 c
992 971 1050 1034 per
1073 964 1280 1036 consequente
1304 956 1395 1038 ponte
1411 957 1454 1036 pti

281 1073 376 1126 tama
395 1060 456 1144 pisi
479 1060 631 1136 comam,
654 1063 685 1126 io
707 1078 773 1126 non
795 1063 896 1142 oopiio
917 1062 1033 1143 pipiiar
1063 1075 1190 1128 tontesa
1215 1085 1274 1131 oon
1297 1067 1341 1129 ini
1363 1065 1456 1149 sopra

280 1170 311 1234 di
334 1169 396 1246 eid,
420 1189 472 1235 rna
493 1171 536 1251 pii
558 1171 659 1252 oopiio
682 1172 832 1237 concedar
856 1173 1057 1237 liberamento
1092 1177 1146 1238 otte
1181 1176 1314 1240 secondo
1348 1187 1469 1259 poeste

277 1284 370 1345 stirne
391 1300 458 1346 non
480 1281 638 1345 riescdino
662 1282 736 1345 bene
761 1282 873 1346 isonti
894 1282 941 1345 de’
955 1283 1117 1362 pnadapni
1139 1302 1155 1346 e
1177 1284 1253 1347 deiie
1268 1285 1390 1366 perdite
1409 1285 1455 1349 dei

279 1398 368 1454 tanto
388 1406 448 1471 per
469 1397 574 1454 tenio.¹
594 1388 650 1453 Ma
677 1391 732 1454 che
759 1392 997 1454 inconveniente
1030 1410 1069 1454 ne
1102 1410 1195 1473 sepne
1227 1410 1284 1474 per
1318 1397 1455 1476 potesta?

280 1496 401 1561 coiaco
423 1513 495 1561 oasa
519 1492 535 1558 e
560 1498 615 1560 cde
638 1496 664 1560 ii
683 1499 854 1579 paadapno
876 1498 909 1562 di
933 1507 1023 1562 tonto
1045 1518 1101 1578 per
1128 1511 1216 1565 cento
1239 1503 1267 1564 si
1289 1511 1379 1567 troca
1401 1523 1457 1586 per

278 1607 309 1670 la
329 1607 385 1670 oia
407 1605 485 1670 delio
506 1607 611 1686 repeda
635 1606 684 1669 dei
705 1616 760 1680 tre,
785 1608 815 1672 io
839 1608 931 1690 priate
955 1603 972 1671 t
995 1612 1179 1689 peonetrioa
1202 1612 1237 1674 in
1261 1621 1342 1677 tntto
1361 1634 1376 1676 e
1394 1633 1453 1696 per

279 1722 371 1780 tatto.
399 1711 446 1776 Or
467 1715 521 1777 cie
547 1716 734 1796 morocipiio
757 1711 833 1780 sard
855 1735 887 1779 se
909 1717 953 1780 do
974 1736 1021 1781 nn
1042 1719 1248 1799 fondamento
1271 1720 1301 1783 ot
1328 1724 1456 1785 naneri

276 1823 409 1904 disposti
428 1823 561 1887 secondo
585 1823 616 1887 ia
631 1826 838 1905 propassione
860 1826 1048 1899 aritmett'oa,
1072 1842 1137 1890 non
1160 1830 1317 1908 cepnitino
1343 1830 1417 1893 tiene
1441 1833 1454 1892 i

274 1932 362 1995 conti
383 1931 439 1994 ene
461 1932 636 2012 procedono
658 1949 717 2012 per
745 1936 799 1996 via
822 1933 852 1994 di
874 1935 1081 2014 proportione
1105 1935 1317 2012 peometricai
1345 1940 1455 2018 poeste

277 2060 345 2106 nort
368 2037 384 2104 e
407 2042 643 2106 inconveniente
665 2059 812 2106 nessano.
835 2040 922 2105 Anni
944 2044 1184 2108 inconveniente
1205 2063 1271 2110 non
1291 2046 1406 2126 piccoio
1428 2049 1455 2110 σι’

279 2149 353 2213 cede
387 2150 439 2213 nei
471 2166 530 2215 sao
552 2160 736 2230 arponento
764 2150 884 2215 enclia
906 2169 967 2214 sna
992 2153 1202 2233 opposicione,
1226 2154 1279 2216 cite
1303 2156 1345 2217 tta
1367 2157 1401 2219 r'n
1423 2151 1456 2219 et

277 2258 350 2340 quet
371 2258 479 2338 disetto
500 2259 554 2321 ene
578 2258 630 2321 dai
655 2257 744 2338 iopici
766 2253 783 2319 d
807 2258 996 2322 demandato
1026 2261 1141 2341 positio
1176 2262 1350 2343 principii,
1386 2258 1452 2328 cioe

277 2385 404 2431 astam
437 2384 521 2431 come
543 2376 619 2431 noto
641 2387 657 2430 e
680 2369 848 2450 manifesto
881 2369 982 2449 pactio
1005 2367 1037 2431 di
1060 2370 1114 2432 ene
1138 2370 1165 2432 si
1187 2370 1314 2452 dispnto
1349 2394 1364 2435 o
1399 2376 1453 2437 otro

278 2483 305 2542 si
322 2481 398 2544 dene
412 2496 558 2561 procare.
584 2474 764 2543 Fercioecird
787 2481 842 2543 noi
864 2481 965 2543 siamo
987 2496 1044 2543 ora
1068 2497 1106 2541 sa
1129 2491 1240 2560 onesta
1264 2481 1398 2563 disputo,
1421 2502 1453 2546 se

278 2592 313 2652 in
337 2596 445 2672 poeste
463 2590 552 2652 etima
568 2590 596 2652 si
612 2590 709 2653 dedda
732 2590 905 2670 adoperarc
929 2589 961 2652 ia
981 2593 1185 2671 proporzione
1201 2592 1378 2665 aritmetica
1392 2613 1453 2656 oo-

277 2714 352 2762 oero
376 2698 406 2760 io
429 2699 624 2778 poemenion,
648 2697 685 2761 ed
706 2698 765 2776 epti
788 2705 975 2776 arpomenta
996 2691 1086 2759 cosi:
1108 2694 1180 2760 Nan
1196 2699 1224 2758 si
1242 2696 1315 2760 dece
1331 2698 1448 2776 adope-

278 2823 354 2872 rare
379 2807 410 2870 ta
429 2809 634 2888 proportione
657 2808 844 2879 aramenta,
873 2801 985 2887 perciti
1007 2824 1073 2870 non
1098 2810 1129 2868 oi
1152 2800 1177 2868 d
1191 2807 1300 2870 dentro
1324 2807 1352 2869 ta
1377 2827 1450 2883 peo-

277 2915 416 2978 metrica
438 2912 539 2995 repoia
560 2915 609 2978 dei
633 2923 689 2978 tre.
717 2911 850 2989 (increta
872 2914 964 2993 [arza
986 2915 1080 2979 abbio
1104 2925 1212 2995 praesta
1229 2916 1357 2993 sapione
1376 2917 1450 2994 pin·

280 3023 401 3088 dictriio
424 3023 579 3089 amano.

313 3170 316 3177 ·
369 3130 418 3196 La
442 3141 525 3197 tersa
547 3134 743 3214 oppositione
766 3129 782 3194 ὁ
804 3143 893 3213 posta
917 3134 951 3195 in
976 3148 1043 3196 cena
1068 3133 1153 3212 ioppe
1177 3134 1274 3196 citata
1310 3132 1453 3214 daii'op·

276 3245 425 3325 potitore,
449 3244 531 3306 neila
550 3245 645 3325 qaaie
666 3243 733 3307 dice
756 3245 810 3306 cite
834 3243 852 3304 t·
867 3242 1059 3324 Imperatore
1081 3241 1243 3306 considero
1267 3243 1297 3305 ia
1320 3251 1448 3307 strava-

278 3368 385 3433 panaa
405 3352 457 3416 dei
473 3355 746 3434 presso-secondo
781 3354 812 3416 ia
845 3353 1050 3434 proporztono
1083 3355 1283 3431 peometrica.
1311 3349 1389 3426 -Ont'
1425 3355 1456 3414 io

281 3480 342 3526 non
365 3461 545 3541 passo-dire
567 3476 643 3526 cosa
662 3462 788 3526 aicana.
815 3460 850 3524 lo
874 3478 938 3524 non
962 3462 1000 3523 ito
1028 3461 1093 3523 mai
1117 3460 1257 3523 stadiato
1292 3460 1399 3540 ioppe,
1433 3479 1449 3523 c

281 3590 341 3634 non
366 3573 407 3636 tro
422 3588 486 3653 pnr
508 3590 555 3635 nn
577 3572 657 3635 iioro
679 3570 710 3634 di
734 3572 778 3634 tai
798 3572 1000 3652 protectione„
1024 3567 1055 3631 tt
1078 3570 1135 3651 poi
1157 3570 1288 3631 intorno
1312 3571 1451 3632 n-notn

281 3683 388 3763 mipiia
408 3675 474 3747 nari
495 3699 586 3765 poseo
607 3684 758 3746 coarcere
781 3682 823 3744 ad
845 3680 959 3745 aicano
993 3680 1048 3742 ctio
1073 3681 1117 3742 ni
1140 3681 1249 3741 mostri
1284 3677 1308 3740 ic
1341 3680 1446 3758 parole

280 3792 360 3855 deda
374 3791 587 3871 detta-ioppe,
611 3791 638 3854 ie
662 3790 750 3872 annii
772 3808 804 3852 se
827 3791 857 3852 io
883 3788 1021 3861 acdesti,
1040 3788 1122 3868 sorte
1146 3787 1281 3849 trooerei
1299 3775 1448 3867 pnaicosa

279 3904 320 3967 da
342 3902 536 3985 rispondere.
567 3900 717 3966 Perionto
744 3900 777 3963 V.
793 3898 828 3963 S.
854 3899 879 3961 ie
900 3900 1005 3980 saccio
1029 3896 1136 3960 oedore
1161 3914 1175 3957 e
1200 3895 1397 3959 considerare
1417 3911 1450 3956 se

277 4014 307 4074 ci
330 4011 447 4075 voiesse
469 4010 587 4073 nicona
609 4009 647 4072 di·
663 4019 769 4091 poeste
793 4010 853 4071 dne
875 4008 981 4088 sapie,
1005 4024 1024 4069 o
1047 4007 1101 4068 ceo
1125 4003 1341 4084 t'Irnperatore
1360 4002 1448 4065 tratti

279 4124 312 4181 in
336 4119 409 4202 pnei
431 4118 523 4197 inopo
546 4118 578 4180 di
600 4134 669 4181 cose
690 4116 910 4198 appartenenti
933 4113 997 4177 aiio
1020 4111 1169 4192 piastizia
1192 4108 1404 4180 distribution,
1422 4107 1454 4170 ia

280 4228 375 4310 pnaie
397 4229 427 4291 ri
448 4242 536 4291 serre
558 4227 600 4291 dt-
613 4225 659 4291 ta'i
678 4226 885 4307 proportione
909 4222 1105 4302 peomotrioa,
1122 4235 1235 4282 oocero
1253 4218 1307 4279 otte
1325 4218 1454 4295 rapiant

281 4337 372 4420 paioi
390 4337 439 4401 dei
460 4337 550 4401 modo
572 4338 604 4401 di
618 4348 754 4401 ¹tranare
776 4335 800 4398 ii
821 4332 989 4416 prezrodi
1008 4331 1126 4394 aicnna
1160 4344 1256 4401 cota,
1288 4346 1305 4388 e
1338 4344 1402 4389 non
1426 4325 1457 4386 di

280 4446 490 4528 oppaapttare
512 4448 538 4510 ie
559 4446 841 4528 disapnapiionzet
861 4435 1118 4525 perani-settene
1142 4439 1168 4502 ie
1191 4435 1451 4516 disnpaapiianae

281 4553 445 4636 deprecet
467 4556 705 4635 siappinstano
728 4554 804 4618 coita
823 4550 1030 4633 proporzione
1048 4548 1240 4617 aritotelica,
1260 4541 1455 4608 nondimeno

281 4665 411 4745 qnando
434 4665 591 4728 sioonrto
613 4660 770 4728 caecando
789 4664 801 4723 i
817 4663 931 4742 prezzi
943 4657 1027 4723 dedic
1049 4673 1150 4728 cose„
1173 4656 1200 4715 si
1233 4668 1366 4716 ceroano
1396 4667 1454 4729 per

276 4771 330 4832 oin
352 4770 383 4833 di
401 4772 610 4852 propareiono
634 4769 831 4852 peometrica.
