3750 5767
509 966 882 1090 nausiant
919 939 1117 1088 vnnt
1158 1009 1214 1096 n.

812 1312 924 1332 -aeb—

371 1693 399 1754 l.
422 1691 448 1754 ll
473 1690 544 1753 dire
566 1690 628 1754 che
644 1691 674 1752 le
692 1692 838 1772 opinioni
864 1688 918 1771 piu
945 1693 1076 1754 antiche
1093 1692 1132 1754 ed
1150 1693 1330 1754 inveterate
1355 1691 1448 1754 siano
1502 1767 1504 1771 ι

276 1801 307 1862 le
332 1795 528 1882 nrigliori,d
551 1800 789 1879 improbabile;
815 1797 931 1880 perche
955 1796 982 1863 si
1007 1818 1100 1863 cerne
1121 1801 1150 1862 d'
1164 1818 1208 1864 un
1227 1817 1326 1863 nomn
1343 1801 1448 1881 parti-

275 1910 391 1973 colare
415 1910 434 1971 l’
450 1909 565 1972 ultime
587 1910 860 1974 determinazinni
879 1928 956 1992 pare
972 1911 1034 1975 che
1051 1913 1145 1975 siano
1161 1911 1191 1974 le
1209 1906 1263 1993 piri
1285 1911 1448 1991 prudenti,

274 2040 293 2083 e
317 2020 387 2083 che
403 2037 465 2083 cen
490 2018 535 2101 gli
560 2018 643 2082 enni
662 2035 777 2083 cresco
800 2019 825 2082 il
849 2019 1020 2099 giudizio,
1041 2015 1110 2085 cesi
1139 2019 1213 2083 dell’
1228 2014 1447 2085 universalila

275 2130 365 2211 degli
397 2129 524 2193 nemini
560 2145 639 2209 pare
673 2129 887 2210 ragienevole
914 2128 976 2191 clre
1001 2129 1159 2193 l'ultime·
1176 2130 1446 2194 determinaaionl

276 2240 373 2303 siano
397 2240 427 2302 le
450 2234 508 2318 pila
532 2254 619 2303 vere.

370 2347 401 2411 2.
426 2347 567 2411 Sensum
591 2347 685 2411 visus
709 2347 830 2410 asseris
854 2346 1004 2410 omnium
1031 2347 1176 2410 maxime
1201 2345 1343 2411 fallaciis
1377 2363 1449 2410 esse

244 2512 249 2522 .
278 2448 475 2526 obnoxium,
497 2453 541 2517 ol>
563 2451 662 2532 idque
687 2469 752 2517 uun
770 2454 899 2525 leviter,
918 2470 1148 2534 quaecumque
1168 2455 1257 2519 visui
1275 2462 1450 2530 occurent,

279 2577 353 2625 esse
375 2560 563 2627 credenda:
585 2559 712 2636 iateer3
736 2562 822 2627 scias
848 2567 958 2625 temen
985 2568 1014 2625 te
1038 2569 1154 2626 centra
1180 2568 1211 2625 te
1231 2563 1339 2645 ipsum
1355 2564 1448 2627 oble·

276 2670 348 2751 qui.
372 2670 489 2735 Dicam
511 2670 602 2735 enim
626 2687 710 2750 eger
739 2672 817 2751 quia
851 2671 962 2745 visus,
996 2672 1189 2751 praesertim
1224 2672 1257 2735 in
1293 2671 1449 2735 maximis

279 2780 466 2854 distantiis,
488 2779 663 2861 decipitur,
688 2780 767 2845 hinc
791 2780 915 2845 lactum
941 2787 1006 2852 est,
1030 2786 1067 2845 ut
1089 2799 1204 2847 omnes
1233 2783 1381 2846 ltemines
1406 2782 1447 2844 ad

279 2889 369 2952 haec
393 2906 493 2969 usquc
518 2896 667 2972 tempera
697 2892 740 2955 ob
774 2893 867 2957 visus
902 2893 1165 2957 imbecillitatem
1202 2891 1330 2972 decepti
1362 2891 1447 2960 sint,

279 2999 660 3067 credentestrilerruem
684 3001 865 3066 Saturnum
896 3019 997 3066 unam
1026 3007 1171 3067 tautum·
1189 3016 1260 3064 esse
1296 3001 1448 3072 stellam:

280 3111 400 3174 levem
424 3108 611 3174 solitarium
635 3110 798 3181 incedere,
822 3129 901 3175 cum
926 3117 1040 3177 lamen
1063 3118 1205 3190 quatuor
1232 3111 1362 3173 adstent
1398 3110 1445 3172 illi

279 3219 520 3293 circulatores:
539 3220 668 3285 Lunam
686 3238 757 3285 esse
774 3223 950 3302 superlicie
970 3221 1141 3302 perpolita,
1168 3238 1319 3302 asperam
1338 3228 1447 3283 tamen

278 3336 311 3392 ct
329 3330 520 3395 tulerosrm
538 3331 735 3397 existentem
754 3330 1048 3410 deprehendimusr
1065 3333 1225 3396 Venerem
1243 3338 1345 3414 atque
1356 3329 1448 3396 iller-

279 3438 413 3500 curium
438 3454 566 3519 semper
588 3439 798 3503 circulariter
814 3440 902 3502 intra
919 3439 1083 3505 naturalis
1102 3442 1268 3521 potentiae
1283 3442 1449 3505 cancellus

278 3545 457 3611 obstrictos
480 3546 606 3623 latere,
628 3549 737 3613 oculis
761 3566 841 3613 vero
865 3550 985 3613 nostris
1009 3551 1094 3615 mira
1118 3551 1382 3632 perspicillorum
1400 3552 1448 3615 el·

279 3654 400 3719 licacia
423 3656 561 3719 munitis
584 3659 719 3722 obviam
743 3676 814 3723 sese
837 3657 998 3723 lecerunt.

371 3763 402 3831 3.
426 3765 460 3830 Si
475 3783 616 3846 corpora
632 3769 768 3850 physica
785 3785 850 3831 nen
870 3785 912 3831 ex
934 3768 1194 3833 indivisibilibus
1211 3775 1373 3841 constant,
1391 3769 1447 3833 sed

278 3876 403 3939 nabent
425 3881 553 3955 quauta·
580 3877 719 3942 minima
754 3878 787 3941 in
822 3894 908 3958 quae
942 3878 1174 3949 resolvantur,
1211 3875 1445 3956 inquirendum

276 3987 330 4046 est
353 3982 393 4045 de
416 3984 564 4064 ipserum
586 3986 801 4050 minimorum
825 3985 954 4068 liguris,
977 4004 1063 4066 quae
1085 3986 1188 4051 dultin
1212 3986 1328 4066 procul
1351 3993 1447 4049 erunt

278 4094 483 4176 sphaericae.
507 4098 658 4163 Aderunt
682 4099 770 4162 euim
789 4115 939 4174 causam,
961 4116 1024 4162 cur
1043 4098 1181 4163 minima
1201 4097 1367 4161 naturalia
1389 4116 1446 4160 ne-

352 4273 386 4332 (l)
403 4270 477 4322 llss,
492 4270 640 4335 Galilelani
658 4272 716 4322 Par.
734 4272 777 4330 vl,
795 4274 873 4322 Tem.
890 4277 918 4325 2,
931 4274 1052 4338 dimano
1069 4272 1110 4322 del
1128 4272 1241 4341 lllriani3
1254 4272 1315 4322 editi
1327 4274 1367 4336 git
1381 4271 1449 4320 nella

275 4352 397 4401 edizione
413 4352 437 4401 di
453 4353 564 4403 Fircnre
581 4353 624 4402 del
644 4357 704 4403 1718
721 4367 736 4404 e
754 4355 823 4403 nelle
841 4356 991 4418 posteriori.
1432 4376 1440 4389 ·

352 4434 444 4496 Qrecu
460 4437 582 4487 Persen·
600 4451 666 4488 senc
682 4439 755 4503 quasi
773 4453 824 4489 una
842 4452 903 4489 cesa
919 4447 1002 4489 stessa
1020 4443 1060 4490 cei
1079 4438 1210 4488 Problami
1224 4437 1292 4499 varj,
1310 4440 1366 4488 anri
1388 4437 1452 4487 taln-

274 4531 321 4577 no‚
339 4531 416 4567 come
431 4533 446 4568 a
462 4533 510 4569 sno
525 4519 607 4584 lungo
621 4524 805 4580 arrertlrenro,
823 4526 839 4570 e
856 4523 1014 4572 risoluzione
1031 4523 1056 4570 di
1073 4525 1168 4588 quesiti
1194 4524 1260 4586 posti
1287 4522 1356 4571 nella
1374 4522 1448 4573 Seiva

274 4605 448 4664 precedente;
465 4618 481 4654 e
497 4608 541 4655 noi
557 4619 692 4656 avremme
709 4607 861 4658 additittuta
879 4612 1008 4672 compresi
1026 4622 1040 4657 e
1057 4608 1091 4672 gli
1109 4609 1153 4658 uni
1171 4609 1235 4670 egli
1252 4608 1311 4656 altri
1328 4612 1397 4657 sotto
1414 4593 1449 4656 nn

274 4687 357 4735 unice
378 4688 452 4738 titolo
467 4690 492 4738 dl
509 4688 669 4740 eminente
686 4690 807 4740 honeri
821 4691 889 4753 υαή,
906 4692 974 4745 deve
991 4706 1044 4742 non
1063 4692 1131 4742 losse
1146 4696 1213 4741 state
1236 4691 1252 4738 il
1277 4690 1386 4753 risnello
1410 4691 1450 4739 dei

275 4771 362 4819 nestri
378 4771 567 4833 predecessori.

403 4855 530 4911 lituum
550 4856 678 4913 Gaurum.
701 4889 732 4899 -
752 4857 783 4911 T.
806 4857 885 4912 llll.
1294 4861 1327 4911 lu
