3750 5767
443 715 507 785 stt
705 728 859 776 inuentor
884 727 1010 774 senemr
1034 726 1164 774 ceretu
1189 719 1348 772 sruantct.

443 854 515 916 loco
537 851 693 933 imaginis
710 851 782 912 viso
807 849 893 912 ultra
910 847 1087 929 Speculum
1108 848 1278 911 concludit
1291 847 1386 919 ratio,
1405 847 1514 910 visum
1535 847 1592 910 lieri

442 961 627 1024 necessario
651 977 707 1040 per
726 959 852 1039 species
871 956 1114 1032 intentionales‚
1130 957 1210 1037 qnia
1230 955 1306 1020 talis
1325 957 1520 1037 apparentia
1540 975 1593 1020 non

443 1075 548 1150 potest
570 1067 640 1131 lieri
666 1068 729 1130 nisi
755 1084 810 1148 per
830 1067 988 1131 virtutem
1011 1066 1215 1129 sensitivam.

530 1179 655 1241 Locum
675 1176 831 1258 imaginis
855 1193 984 1255 semper
1006 1192 1076 1238 esse
1099 1175 1133 1238 in
1157 1176 1286 1240 duabus
1322 1175 1419 1239 lineis
1456 1193 1596 1240 necessa·

442 1288 502 1360 rin,
517 1286 604 1368 quod
621 1285 736 1366 probat
753 1283 886 1349 Vitellio
909 1284 942 1346 in
967 1283 995 1347 V
1020 1284 1173 1364 proposit.
1198 1281 1262 1357 37;
1286 1288 1319 1346 et
1341 1300 1384 1346 ex
1404 1285 1595 1365 apparentis

441 1411 525 1474 quae
548 1397 730 1473 sequuntur
755 1391 817 1454 hoc
848 1389 1048 1470 principium
1082 1389 1251 1453 concludit
1275 1391 1383 1466 ratio,
1408 1392 1536 1472 species
1565 1394 1597 1456 ab

443 1501 579 1583 objectis
604 1501 839 1581 multiplicatas
863 1516 933 1563 esse
956 1499 1083 1562 reales:
1107 1506 1184 1562 sunt
1207 1505 1319 1562 autem
1345 1500 1539 1580 praedictae
1566 1503 1596 1566 li·

443 1628 522 1675 neae
545 1629 583 1674 ea
607 1629 691 1692 quae
716 1609 901 1674 reflexionis
925 1609 1060 1685 dicitur,
1082 1615 1116 1672 et
1135 1626 1220 1691 quae
1239 1607 1389 1674 cathetus
1411 1611 1599 1674 incidentiae

442 1719 649 1791 nominatum
672 1718 706 1780 in
729 1716 781 1780 bis
804 1723 939 1798 apparet
963 1716 1075 1798 imago
1097 1716 1138 1780 de
1162 1719 1366 1782 necessitate.

531 1829 667 1892 Duabus
699 1826 875 1906 praedictis
909 1825 1004 1888 lineis
1039 1825 1257 1890 existentibus
1292 1826 1483 1906 parallelis,
1518 1828 1599 1891 lncns

443 1937 597 2020 imaginis
619 1937 721 2000 estin
741 1935 827 1998 linea
848 1935 1059 1998 transversali
1079 1935 1300 2017 conjungente
1319 1943 1445 2016 puncta
1466 1937 1597 2002 duarum

443 2048 483 2109 ad
508 2045 648 2128 angulos
672 2050 791 2118 rectos;
815 2050 847 2107 et
870 2044 947 2126 quia
971 2044 1004 2107 in
1028 2042 1091 2106 hac
1116 2046 1308 2125 apparentia
1334 2045 1430 2109 calor
1446 2063 1597 2128 apparen-

443 2161 485 2223 tis
507 2160 592 2241 ignis
616 2158 807 2234 intenditur,
832 2176 872 2221 ex
892 2159 951 2221 lroc
970 2157 1130 2238 principio
1145 2165 1280 2239 apparet
1295 2158 1534 2240 multiplicatio
1550 2177 1597 2223 ac·

443 2267 625 2331 cidentium
648 2269 850 2331 substantiae
875 2284 972 2329 verae
997 2265 1121 2329 lormae
1137 2284 1201 2330 non
1222 2283 1350 2348 semper
1365 2268 1438 2331 lieri
1457 2287 1515 2350 per
1530 2288 1596 2334 con-

444 2376 666 2456 gregationem
692 2375 871 2450 radiorum,
888 2392 952 2437 non
970 2373 1057 2437 enim
1073 2381 1318 2457 congregantur
1331 2377 1419 2440 radii
1435 2426 1441 2439 .
1457 2425 1463 2437 .
1481 2428 1486 2440 .
1502 2425 1509 2438 .
1525 2377 1596 2442 duae

445 2482 549 2543 lineae
575 2482 770 2561 praedictae,
795 2483 873 2562 quia
898 2500 918 2545 a
941 2483 1074 2546 catheto
1097 2484 1296 2547 incidentiae
1319 2486 1490 2551 recedunt.

857 2773 1184 2855 unctantem

575 3000 774 3056 timentium
795 2999 1052 3068 LOCORUMQUE
1072 3001 1287 3057 SCHEMATIS
1307 3000 1478 3059 SPECULI.

532 3232 631 3295 Lmet
649 3234 687 3293 Α.
710 3265 753 3276 -
777 3232 865 3294 llaec
886 3232 972 3294 linea
990 3239 1094 3312 potest
1111 3239 1356 3312 repraesentare
1373 3233 1463 3298 Solis
1485 3236 1595 3306 radios,

442 3347 474 3403 et
499 3340 709 3403 rellexionem
735 3341 869 3404 luminis
892 3343 1059 3418 candelae,
1083 3343 1170 3405 unde
1195 3343 1305 3425 imago
1329 3342 1468 3408 luminis
1484 3344 1595 3408 cande·

443 3447 495 3510 lae
519 3454 653 3528 apparet
678 3454 788 3512 tantae
811 3449 1051 3531 magnitudinis
1069 3457 1232 3531 quantum
1252 3456 1301 3513 est
1330 3449 1463 3531 Specnll
1492 3470 1596 3534 snper·

444 3555 546 3620 ticies.
570 3557 762 3621 -Eadem
790 3558 876 3621 linea
900 3566 1123 3640 repraesentat
1148 3560 1257 3624 radios
1282 3559 1376 3632 Solis,
1400 3562 1459 3642 qni
1480 3579 1597 3642 semper

420 3665 622 3733 ‘occurrunt
646 3669 742 3731 rebus
767 3668 976 3732 interioribus
1000 3673 1182 3734 secundum
1206 3672 1514 3752 aequidistantiam,
1539 3689 1596 3735 nnn

442 3776 596 3838 obstante
615 3777 702 3856 qnod
727 3776 779 3840 Sol
804 3778 846 3840 sit
867 3777 963 3858 longe
989 3778 1094 3859 maj0r
1117 3779 1186 3858 ipsa
1217 3783 1325 3851 terra,
1351 3787 1382 3841 et
1407 3797 1466 3859 per
1489 3796 1598 3843 conse·

443 3902 546 3964 quens
581 3887 735 3949 omnibus
764 3888 861 3951 rebus
884 3905 970 3967 quae
993 3893 1069 3950 sunt
1101 3889 1244 3952 minores
1267 3889 1337 3970 ipsa
1362 3895 1476 3963 terra,
1500 3897 1535 3953 ut
1556 3895 1599 3952 est

443 3995 644 4075 Speculum;
667 3995 746 4059 iacit
770 3996 855 4058 hanc
884 3996 1110 4077 apparentiam
1146 3996 1510 4077 incompraelrcusibilis
1537 4015 1598 4058 erru-

444 4105 575 4180 pnitudo
597 4106 743 4186 corporis
767 4105 874 4178 Solis;
898 4123 975 4168 nam
1007 4123 1057 4168 res
1082 4109 1115 4168 in
1140 4106 1381 4169 illuminatione
1410 4108 1548 4188 proinde
1569 4125 1598 4169 se

444 4211 566 4274 habent
590 4230 628 4275 ao
652 4230 686 4275 se
710 4215 867 4276 haberent
891 4213 1034 4294 parietes
1058 4212 1231 4276 domorum
1260 4214 1359 4276 erecti
1389 4213 1431 4275 ad
1469 4230 1599 4294 perpen-

444 4321 593 4384 diculum
629 4339 725 4403 snper
761 4330 899 4394 terram,
929 4323 984 4402 qui
1021 4329 1097 4385 sunt
1131 4323 1388 4403 aequidistantes
1421 4324 1597 4386 secundnm

446 4449 577 4494 sensum
602 4437 734 4512 propter
760 4440 865 4494 terrac
890 4433 1164 4514 magnitudinem,
1182 4450 1244 4495 non
1264 4439 1341 4496 sunt
1361 4439 1474 4495 autem
1491 4449 1598 4496 revera

445 4540 704 4622 aequidistantes
730 4547 860 4622 propter
883 4549 1033 4604 centrum
1070 4541 1111 4603 ad
1145 4543 1231 4622 quod
1269 4542 1406 4605 tendunt
1431 4541 1598 4623 perpendi·

443 4648 538 4722 crrla3
557 4650 671 4712 cadem
696 4650 735 4711 de
758 4668 858 4713 causa
878 4650 962 4714 Solis
980 4650 1062 4713 radii
1079 4657 1261 4714 occurrunt
1281 4653 1378 4715 rebus
1395 4651 1597 4714 inferioribus

446 4761 625 4822 secundum
651 4761 955 4839 aequidistantiam:
981 4777 1056 4822 nam
1082 4778 1122 4822 ex
1148 4759 1190 4825 35
1215 4761 1436 4840 propositione
1452 4759 1480 4823 ll
1501 4759 1596 4822 Vilel-
