3750 5767
383 696 446 763 190
777 708 904 758 sciente
928 710 1123 774 nnrvtnpntn

376 854 430 908 nrt,
450 839 613 906 dividendo,
633 853 713 893 come
732 836 781 893 ΒΕ
800 853 816 892 a
836 836 880 893 DC
900 837 958 894 cosi
977 837 1028 892 DE
1046 839 1081 894 nd
1101 836 1147 893 EF
1168 837 1292 910 (porche
1312 839 1336 893 si
1356 853 1424 909 pose
1442 837 1507 894 ΒΕ(

373 936 421 992 CB
439 953 520 993 oome
538 930 585 990 DE
597 936 631 990 od
650 934 695 991 FE
706 937 726 1008 ),
744 937 876 1008 odunqne
891 951 963 992 tneo
974 937 1000 992 in
1015 937 1200 1008 proportione
1214 937 1244 991 di
1259 936 1309 992 AD
1324 951 1340 992 n
1356 935 1402 993 DC
1415 939 1432 994 e
1444 953 1508 1008 mag·

374 1040 436 1108 gior
455 1038 490 1109 (1)
510 1037 584 1093 deiin
602 1037 789 1108 proportione
807 1038 835 1093 di
854 1036 904 1091 DE
923 1039 957 1092 od
977 1036 1033 1091 EF.
1052 1036 1076 1092 E
1100 1038 1168 1108 pero
1186 1053 1236 1099 se,
1255 1038 1470 1108 componendo,
1487 1039 1507 1092 in

376 1140 467 1209 prime
485 1153 538 1192 oon
557 1139 584 1193 it
607 1137 731 1194 tenende
748 1138 803 1193 tiit
822 1138 946 1193 terenda
963 1138 1032 1193 αντα
1051 1137 1178 1206 maggior
1205 1136 1395 1207 proportione
1418 1137 1470 1193 ohe
1489 1139 1508 1194 ia

375 1246 452 1294 {erte
468 1254 522 1294 oon
541 1240 568 1295 ln
585 1243 684 1311 querit
702 1239 881 1311 alioquinin,
900 1255 917 1294 e
935 1252 1040 1294 onoore
1058 1237 1212 1295 dividendo
1228 1252 1272 1293 eo.
1287 1237 1311 1295 li
1331 1236 1388 1293 obe
1409 1237 1439 1294 in
1458 1255 1509 1308 pro

376 1344 457 1410 potio
474 1340 503 1394 di
522 1340 699 1397 dimoeirere.

753 1542 956 1595 i’noeoerzront
975 1540 1074 1596 xxvi
1095 1540 1139 1611 (ί).

461 1738 504 1801 Se,
522 1741 712 1809 componendo,
731 1740 759 1794 ία
774 1742 867 1808 prino
885 1755 935 1796 eon
953 1741 981 1795 ia
999 1739 1391 1796 renneoouoreeoninoori
1403 1743 1510 1812 nappin

369 1841 550 1909 proportione
577 1840 624 1894 eie
642 1840 670 1894 io
689 1847 763 1894 terto
781 1855 832 1894 oon
849 1840 877 1894 io
894 1846 996 1910 μανία
1013 1839 1071 1896 nilo
1087 1847 1206 1910 (μανία,
1227 1855 1278 1910 per
1299 1840 1328 1895 io
1347 1843 1510 1897 montione

372 1939 443 1995 rioilo
457 1941 659 2010 proportione,
676 1940 704 1994 io
719 1941 813 2010 prino
832 1955 882 1994 eon
901 1941 927 1994 lo
947 1941 1062 1996 terendo
1079 1939 1137 1995 olio
1152 1940 1246 2012 prino
1262 1937 1331 1995 nonni
1349 1940 1441 2002 nrinor
1458 1955 1510 2010 pro·

368 2041 498 2109 portione
514 2041 563 2094 ene
581 2039 609 2094 io
627 2047 702 2094 terto
719 2055 770 2094 oon
788 2041 816 2095 io
833 2047 934 2108 (μανία
948 2039 1007 2095 oin
1021 2047 1106 2096 terto.

461 2138 509 2195 Sia
528 2137 608 2210 (Εἰς.
628 2143 698 2209 183)
720 2141 748 2197 la
765 2140 952 2211 proportione
970 2141 999 2195 di
1019 2139 1067 2199 AG
1090 2155 1106 2198 a
1130 2139 1177 2197 ΒΕ
1200 2139 1346 2209 nigriore
1364 2139 1441 2197 deiie
1459 2154 1509 2208 pro·

370 2240 504 2310 portione
521 2239 550 2295 di
569 2238 616 2294 DF
635 2241 670 2297 td
691 2239 746 2296 FE.
766 2240 835 2297 Dieo
853 2239 917 2307 ohe,
933 2255 984 2310 per
1002 2241 1028 2297 Ια
1047 2240 1216 2296 conversion
1231 2239 1303 2296 deiit
1320 2239 1508 2310 proportione,

368 2340 418 2397 CA
436 2341 474 2396 nd
492 2339 543 2397 AD
562 2339 598 2396 he
617 2341 727 2398 minore
747 2342 933 2412 proportione
952 2340 1007 2398 nire
1025 2341 1072 2399 ΕΒ
1092 2356 1109 2396 e
1126 2340 1187 2399 DE.

459 2441 568 2499 Perohe
585 2444 697 2500 avendo
716 2442 764 2498 Ac
783 2458 800 2499 t
819 2442 866 2498 ΕΒ
878 2444 989 2501 minore
1009 2443 1196 2513 proportione
1208 2424 1296 2500 oi'DF
1315 2443 1353 2499 nd
1372 2441 1436 2510 ΕΕ,
1451 2442 1509 2499 edi·

368 2545 499 2608 videndo,
519 2544 569 2600 AB
588 2560 604 2601 a
623 2545 668 2602 DC
688 2546 757 2603 αντὶ(
775 2546 812 2618 (3)
834 2546 961 2616 maggior
981 2546 1167 2615 proportione
1185 2545 1214 2600 di
1227 2544 1277 2605 DE
1291 2544 1327 2601 ed
1340 2543 1403 2612 EF,
1419 2545 1508 2616 operi

366 2645 559 2702 convertendo
578 2645 625 2701 CB
642 2660 660 2702 t
678 2644 726 2701 ΒΑ
747 2647 816 2703 nvri
831 2646 943 2704 minore
956 2645 992 2717 (ί)
1007 2646 1195 2717 proportione
1212 2646 1241 2703 di
1259 2644 1307 2700 EE
1325 2646 1361 2702 nd
1374 2644 1441 2703 ΕΒ(
1453 2659 1504 2717 per·

369 2744 460 2808 lorini,
474 2747 680 2831 componendo,
699 2745 748 2801 CA
767 2747 801 2801 od
823 2744 873 2800 ΑΒ
891 2747 960 2803 ovri
980 2747 1090 2806 minore
1104 2747 1139 2819 (ὅ)
1156 2747 1344 2822 pmportione
1364 2745 1419 2804 che
1439 2745 1505 2800 ΕΒ(

367 2844 598 2902 ffissmm
1268 2864 1270 2873 ·

737 3020 940 3080 Peneon-onena
957 3021 1069 3080 XXVI!
1087 3022 1095 3093 (
1115 3024 1131 3090 ).

453 3249 487 3306 Se
505 3253 532 3307 in
547 3254 641 3321 prino
658 3253 716 3306 olio
733 3261 808 3307 terto
826 3254 862 3307 no
879 3255 998 3324 μαμμίαν
1014 3256 1198 3323 proportione
1215 3254 1262 3308 one
1279 3255 1307 3309 io
1326 3253 1501 3309 teonnriooiio

237 3379 239 3383 .
363 3360 483 3419 (μανία,
502 3352 573 3408 nerei
587 3369 689 3409 antero
712 3355 739 3409 le
759 3356 852 3423 prino
873 3356 930 3410 olio
954 3363 1028 3410 terto
1056 3357 1176 3426 inoppino·
1201 3357 1387 3425 proportione
1415 3355 1461 3410 rire
1483 3354 1505 3407 ie

358 3455 451 3523 prino
468 3470 519 3508 eon
537 3456 565 3509 io
583 3457 697 3511 serendo
714 3456 772 3511 nilo
791 3463 866 3511 terto
884 3473 935 3512 oon
953 3457 981 3512 io
996 3464 1107 3527 μανία.

450 3554 541 3610 Abbio
560 3554 641 3611 nna
660 3556 710 3611 DE
729 3555 810 3628 (Εἰς.
831 3558 899 3627 isi)
922 3558 1049 3627 maggior
1067 3558 1253 3628 proportione
1272 3555 1328 3613 ehe
1346 3556 1393 3613 BC
1406 3557 1442 3613 nri
1454 3555 1504 3611 EE.

360 3654 430 3710 Dioo
448 3653 502 3711 eho
520 3671 624 3712 encore
643 3655 693 3711 AB
711 3672 727 3712 n
743 3656 793 3712 DE
815 3656 850 3712 ht
869 3658 996 3727 maggior
1017 3657 1204 3727 proportione
1224 3655 1278 3712 ohe
1296 3656 1346 3712 Ac
1367 3672 1383 3711 a
1403 3656 1460 3712 DE.

450 3755 498 3812 Sit
524 3773 605 3813 nome
622 3756 673 3812 ΑΒ
691 3773 707 3812 n
726 3756 776 3812 DE
795 3761 853 3813 enei
873 3757 909 3827 (7)
929 3756 975 3815 EC
993 3758 1029 3813 td
1049 3758 1096 3812 un’
1108 3759 1179 3814 niire
1198 3756 1258 3813 EG.
1277 3757 1302 3813 E
1326 3755 1433 3830 poenire
1458 3757 1502 3812 e’e

360 3862 440 3934 posin
458 3856 509 3917 AB
527 3872 544 3913 a
561 3856 611 3912 DE
630 3873 700 3915 ever
718 3857 845 3928 maggior
871 3858 1057 3928 proportione
1074 3859 1102 3913 di
1123 3857 1169 3913 DC
1188 3859 1222 3914 td
1241 3857 1299 3925 EF,
1314 3873 1388 3913 aneo
1408 3857 1453 3915 DC
1470 3855 1502 3912 td

361 3959 410 4015 EG
430 3959 502 4033 (eho
520 3963 563 4014 eia
581 3974 662 4014 come
680 3957 765 4013 ADa
789 3957 856 4026 DE)
877 3959 947 4015 evri
970 3958 1006 4031 (8)
1030 3960 1156 4029 maggior
1180 3959 1366 4030 proportione
1395 3959 1450 4015 oito
1475 3959 1498 4012 ir

361 4061 515 4117 medesima
535 4060 580 4117 BC
599 4059 708 4116 eil'Ei'.
729 4059 812 4116 Onde
828 4058 878 4114 EG
898 4062 961 4116 serie
972 4062 1082 4117 minore
1097 4062 1132 4132 (9)
1147 4062 1174 4116 di
1188 4061 1243 4118 EF.
1263 4060 1372 4116 Perohe
1388 4062 1496 4131 dunque

359 4159 410 4215 AB
428 4176 444 4216 a
463 4160 512 4215 DE
529 4166 571 4216 sin
590 4176 670 4217 corne
688 4159 734 4216 BC
754 4162 788 4215 nd
807 4159 873 4226 EG,
894 4162 970 4216 sieri
993 4161 1041 4217 Ac
1061 4178 1077 4216 e
1095 4161 1146 4217 Di}
1166 4178 1245 4218 corne
1264 4162 1318 4232 (ίίί)
1339 4160 1389 4216 ΑΒ
1408 4178 1424 4217 e
1443 4159 1494 4215 DE.

432 4407 464 4466 (ί)
480 4406 600 4455 ¹&seiome
618 4412 642 4453 ε’),
930 4406 964 4465 (Ε)
983 4407 1113 4469 Proposiz.
1131 4415 1145 4454 ii
1163 4407 1204 4456 niel
1224 4407 1270 4454 Vii
1288 4408 1312 4455 di
1329 4406 1426 4468 l'nppo.

430 4501 465 4560 (3)
480 4498 613 4561 Proponit.
631 4505 668 4549 25.
929 4503 962 4564 (ί)
979 4503 1110 4563 i’roposiz.
1128 4506 1167 4550 ti.

430 4593 463 4651 (5)
480 4591 611 4654 Ρναροαίῑ.
631 4598 670 4642 ti.
927 4598 961 4655 (6)
980 4595 1109 4656 Proponit.
1128 4602 1142 4642 8
1159 4594 1200 4642 dei
1219 4592 1265 4642 Vli
1284 4594 1308 4642 di
1329 4592 1424 4657 i’appo.

428 4687 461 4745 (ί)
478 4685 612 4735 tremendo
629 4689 652 4735 rii
669 4692 769 4750 «presio.
925 4690 958 4750 (8)
976 4689 1095 4738 Αααίοίιία
1123 4695 1146 4736 ἴ).

429 4778 461 4837 (ίί)
478 4777 609 4846 Proponit.
629 4784 650 4828 7.
919 4784 968 4842 (ίίί)
979 4782 1111 4845 Proposit-
1133 4785 1155 4832 8.
